3076 5046
339 415 390 476 DE
410 414 596 478 11:8ch
616 415 806 478 Tendens
828 417 1027 478 THEBANIS.
1161 413 1246 484 ,Μ

133 579 265 657 oceisos
299 583 422 656 nullius
454 583 657 680 reliquorum
687 583 805 658 dnonm
845 584 998 658 intentos
1033 592 1243 678 memorator,

55 710 58 720 ¹
134 683 321 779 bellumque
351 709 418 757 non
450 686 680 782 profligatum,
720 687 780 758 sed
812 686 918 783 primo
951 696 1077 760 tantum
1103 686 1244 759 hostium

113 777 257 882 ‘impetu
281 786 416 882 repulso
443 787 535 859 salva
561 787 666 860 adhoc
691 787 770 860 orbs
792 811 866 862 esse
881 788 1021 861 videtur.
1072 785 1134 862 sio
1159 787 1246 862 enim

132 885 236 958 refert
260 888 399 960 nunoins
426 913 457 960 v.
484 889 572 964 799.
687 893 689 900 ’

258 1033 362 1121 πόλις
386 1033 568 1142 πέφευγεν
590 1038 657 1136 ἥδε
683 1034 834 1114 δούλιον
859 1035 983 1142 ζυγόν.

259 1138 447 1238 πέπτωκεν
472 1140 626 1236 ἀνδρῶν
651 1139 851 1239 ιἰμβρίμιον
874 1137 1137 1237 κομπάσματα,

259 1237 363 1324 πόλις
387 1240 424 1316 d'
450 1244 494 1316 ’ἐν
518 1242 625 1341 εὐδία
649 1272 701 1332 τε,
726 1242 790 1317 καὶ
814 1240 1024 1322 κλυδωνίου

258 1347 427 1434 πολλαῖσι
452 1350 606 1471 πλργαῖς
631 1345 767 1420 ἄντλον
793 1344 861 1419 οὐκ
885 1343 1042 1428 ἐδέξατο.

158 1497 162 1502 -
259 1443 376 1546 στίγει
401 1442 443 1519 dd
468 1473 618 1547 πυργος,
643 1444 706 1520 καὶ
731 1441 848 1528 πύλας
873 1444 1089 1574 φερεγγύοις

260 1540 530 1644 ἐφραξάμεσθα
554 1542 802 1640 μονομάχοισι
826 1571 1059 1643 προστάταις.

254 1653 380 1729 ιἰαλοῖς
404 1647 476 1741 ἔχει
500 1646 548 1720 τὰ
573 1647 711 1730 πλεῖστ’
742 1649 782 1722 ἐν
809 1647 847 1731 ἓξ
870 1644 1102 1742 πυλώμασιν.

128 1796 191 1872 Ex
215 1797 268 1870 his
293 1799 375 1871 lieet
400 1798 577 1891 conficere,
603 1798 639 1871 in
664 1806 831 1896 postrema
857 1798 1041 1896 tragoedia,
1069 1797 1245 1896 qnofinem

113 1897 213 1972 nolli
240 1900 403 1974 contineri
429 1901 622 1998 oportebat,
659 1901 859 1997 reliquorum
893 1901 1010 1974 doonm
1036 1909 1178 1992 mortes,
1211 1900 1245 1972 in

130 2001 239 2098 iisque
265 1999 412 2099 Capanei
446 2003 673 2099 potissimum,
707 2027 781 2076 esse
808 2011 977 2075 tractatas.
1033 2001 1152 2075 Aede
1178 1999 1247 2074 Ca-

130 2127 237 2202 paneo
264 2103 388 2200 aliquid
421 2105 580 2204 scriptum
611 2103 676 2176 soit
706 2104 742 2177 in
775 2105 1022 2201 corruptissimo
1048 2104 1246 2200 fragmento,

131 2204 217 2302 qood
244 2229 287 2278 ex
313 2205 449 2302 Argivis
476 2207 614 2303 petitum
639 2214 792 2302 potator,
820 2205 905 2302 apud
932 2205 1166 2302 Etpmologonn
1191 2205 1257 2278 Μ.

129 2330 167 2404 p·
185 2309 273 2400 341,
299 2307 337 2382 6.
363 2303 548 2403 ἔνηλύσια,
576 2306 759 2402 εύκίνητα.
809 2307 873 2379 καὶ
896 2306 1028 2401 ἤλυσιν
1052 2305 1121 2401 τὴν
1146 2307 1247 2381 ἔλευ-

131 2429 203 2482 σιν.
254 2403 440 2502 Αἰσχύλος
465 2409 506 2482 ἐν
524 2404 709 2507 Ἀργείοις·
762 2403 959 2488 Καπανεύς
982 2435 1057 2502 μου
1078 2405 1247 2482 καταλεί-

129 2536 236 2582 πεται
261 2513 401 2590 λοιποῖς
426 2506 635 2603 άκίραυνος
648 2501 822 2604 άρούρων
838 2505 1044 2602 ὲπηλυσίων
1063 2507 1244 2598 ἀπέλιπεν,

130 2611 167 2684 οἳ
192 2607 233 2684 dd
258 2607 306 2682 τά
331 2607 655 2704 κατασκηφθίντα·
690 2605 807 2687 οὕτως
832 2610 882 2688 είς
902 2605 945 2678 τὸ
967 2604 1169 2702 ῥητορικόν.
1196 2613 1247 2691 είς

129 2707 173 2785 dd
200 2706 286 2792 τοὺς
310 2705 557 2810 ε’τυμολόγους
581 2700 691 2802 εὗρον
711 2710 767 2789 -ελς
784 2707 809 2779 ἃ
826 2705 1245 2806 κεραυνὸςέῖςβέβηκεν,

66 2843 69 2852 ·
130 2807 253 2886 άκκαὶ
278 2806 498 2884 ἀνατίθεται
523 2807 590 2882 Διί·
618 2803 825 2905 καταιβάτῃ
858 2806 920 2882 καὶ
951 2807 1092 2909 λέγεται
1124 2806 1246 2882 didone

26 2945 29 2962 ·
128 2909 194 2989 καὶ
220 2911 356 3007 ἄβατα.
408 2910 470 2986 Sio
496 2911 598 2983 edidit
624 2909 841 3008 Splbnngios:
878 2910 937 2983 sed
963 2911 1063 2984 editio
1089 2912 1244 3010 princeps
1378 2927 1382 2934 “

130 3024 165 3090 et
188 3014 313 3087 Aldina
337 3039 399 3111 pro
426 3009 600 3112 άρούρων
624 3013 745 3085 hahent
769 3008 929 3110 άρόρων.
979 3013 1185 3086 Welekerns
1209 3015 1245 3086 in

128 3115 270 3190 Dinonis
303 3116 512 3190 scholasticis
546 3140 578 3189 a.
615 3119 726 3190 1832.
759 3141 796 3213 p.
828 3117 915 3191 230.
953 3116 1129 3214 Aeschyli·
1147 3115 1245 3188 verba

131 3212 181 3294 sio
206 3219 331 3315 scripta
350 3220 547 3316 ‘proposuite

281 3349 478 3433 Καπανεύς
501 3349 572 3446 μὲν
595 3347 861 3437 καταλείπεται,
910 3371 912 3382 ·

283 3451 426 3547 λοιβαῖς
451 3451 477 3524 ἃ
500 3450 678 3548 κίραυνος
703 3447 877 3549 ἆρούρων

284 3549 488 3648 ἐνηλυσίιον
514 3550 674 3625 ἀπέλιπε.

132 3691 226 3786 Quae
253 3689 370 3785 quibos
395 3687 539 3758 nomenis
567 3709 693 3782 qnoque
719 3685 882 3757 sententia
907 3707 981 3757 esse
1000 3686 1164 3779 voluerit·
1179 3683 1294 3786 ego20

131 3818 197 3866 non
224 3788 409 3888 expediam.
461 3788 550 3860 Mihi
576 3786 726 3885 quidem,
762 3787 850 3882 qnod
875 3788 929 3862 nel
960 3784 1113 3860 Pennino
1147 3791 1242 3884 vidit,

131 3917 247 3968 versus
275 3891 425 3964 videntur
450 3889 651 3986 anapaestiei
677 3888 800 3960 fuisse:
826 3886 885 3959 sed
911 3889 1058 3985 corrupti
1084 3901 1159 3964 sont
1180 3893 1241 3983 ito,

132 4005 170 4070 nt
195 4017 311 4068 verear
342 4017 384 4066 ne
418 3991 489 4064 sine
514 3991 661 4064 melioris
690 3991 767 4062 linri
793 3989 917 4061 anxilio
943 3993 1161 4088 nonpossint
1186 4017 1242 4064 re-

133 4098 239 4171 stitui.
290 4094 332 4170 Si
357 4103 466 4168 tamen
486 4093 706 4183 coniecturae,
732 4101 771 4165 nt
791 4116 877 4164 nono
897 4091 996 4164 verba
1013 4095 1137 4190 scripto
1152 4104 1240 4187 sont,
1314 4102 1319 4106 “
1374 4165 1380 4182 ,

131 4200 227 4274 loeus
253 4206 317 4291 est,
343 4197 386 4269 od
410 4196 497 4270 huno
520 4195 590 4268 fero
616 4194 746 4267 modom
771 4193 876 4266 factos
902 4193 1004 4268 inisse
1030 4195 1179 4269 credam:

560 4331 601 4406 ἐν
618 4325 793 4429 Ἀργείοις

258 4429 454 4516 Καπανεὺς
477 4428 547 4529 μὲν
572 4429 622 4506 άν
646 4429 726 4504 ἀλλ’
755 4427 881 4513 ἑπέτας
905 4429 1043 4510 λοιποῖς

176 4548 459 4619 Henn.0e.V11.
630 4593 632 4600 .
955 4572 960 4590 ·
1009 4545 1036 4609 0
1166 4581 1170 4592 ,
