3076 5046
453 396 749 460 EMENDATIONES
768 397 1005 464 PINDARICAE.
1221 391 1283 464 173
1411 415 1415 430 ‘

174 569 237 641 ita.
285 563 499 639 Consuetudo
518 561 643 638 Graeci
668 565 828 639 sermonis
844 564 1041 639 ‘necessario
1066 564 1205 660 requirit
1228 561 1282 659 δέ,

175 665 265 766 quod
289 675 405 740 contra
428 694 470 768 pu
495 667 531 738 in
561 667 725 764 principio
751 669 932 741 sententiae
964 690 1032 739 nen
1064 666 1130 738 alia
1155 691 1283 765 quoquc

174 769 338 870 particula
371 792 444 842 cum
467 768 740 865 praecedentibus
767 770 959 843 coniunctae
985 768 1197 841 offensionem
1222 770 1285 841 he·

106 923 107 931 1
174 871 232 944 bet
254 871 441 943 maximam.
492 867 608 966 Neque
630 871 715 942 enim
733 870 944 968 cogitabundi
960 893 1072 942 secum
1089 871 1283 962 orationem,
1319 919 1324 940 .

172 980 213 1045 nt
235 973 271 1045 in
296 972 529 1068 Aristophanis
557 971 681 1044 Avibus
705 997 738 1046 u.
767 973 876 1048 1269.
910 972 952 1043 ad
978 971 1043 1044 boc
1068 994 1172 1069 genus
1197 973 1285 1044 trabi

173 1098 275 1173 posse
300 1075 353 1144 vel
380 1097 423 1144 ex
446 1098 485 1145 eo
510 1073 728 1170 intelligitur,
766 1074 853 1172 quod
884 1098 950 1146 non
982 1081 1035 1146 est
1067 1097 1140 1146 cnm
1172 1074 1283 1173 aliquo

173 1199 372 1274 praegresso
398 1174 486 1246 dicto
513 1175 678 1272 copulata.

275 1275 344 1348 liic
374 1275 472 1347 linem
503 1275 646 1348 feceram
669 1277 747 1350 huic
772 1275 1017 1370 dissertationi,
1054 1299 1156 1374 quae,
1186 1276 1284 1349 'siout

173 1379 253 1471 illa,
281 1401 364 1474 quae
390 1401 474 1449 eam·
487 1379 635 1473 sequitur
660 1377 700 1452 de
727 1377 851 1451 duabus
877 1378 1145 1476 inscriptionibus
1172 1375 1284 1456 Grae-

174 1482 243 1573 cis,
279 1479 403 1576 scnpta
429 1484 481 1550 est
505 1479 635 1576 integro
661 1480 801 1576 amplius
834 1503 945 1552 mense
971 1486 1046 1552 ante
1072 1503 1167 1576 quarn
1192 1479 1285 1552 Boe-

79 1575 82 1580 ’
143 1575 268 1655 'okhii
298 1603 437 1656 censura
468 1603 582 1652 corum
614 1603 695 1677 qnae
729 1580 770 1652 de
805 1580 915 1654 officio
947 1581 1138 1678 interpretis
1165 1581 1285 1678 scripsi

176 1691 229 1756 cst
253 1682 352 1763 edita.
369 1735 386 1778 ι.
401 1680 445 1753 Id
476 1706 541 1753 non
566 1683 694 1754 nescire
719 1681 811 1754 uolui
837 1681 993 1778 quosdam
1019 1683 1283 1779 suspiciosiores,

174 1809 219 1859 ne
242 1784 307 1876 illi,
334 1784 363 1856 si
387 1807 438 1855 me
463 1783 497 1855 in
525 1789 661 1880 utraque
688 1783 920 1858 dissertatione
945 1784 1093 1856 nonnihil
1110 1773 1285 1855 dissentire
1428 1851 1430 1858 ,

175 1881 392 1960 aBocckhio
419 1883 641 1984 viderint,ad
665 1885 700 1956 id
725 1893 938 1982 provocatum
962 1892 1080 1982 putent
1103 1907 1164 1977 eo,
1198 1883 1286 1983 quod
1319 1903 1322 1912 ’
1363 1903 1368 1912 ·

174 1989 234 2060 ille
260 2012 280 2059 a
304 2011 356 2058 me
381 1986 604 2060 dissensisset.
663 1985 818 2060 Sciebam
849 1987 1072 2060 dissensurum
1098 2010 1191 2079 esse,
1223 2011 1286 2060 neu

173 2067 275 2190 pos&
301 2090 486 2162 consentire
512 2114 657 2181 mecum,
690 2097 728 2163 ut
759 2090 816 2188 qui
847 2088 917 2162 fere
952 2112 1034 2185 quae
1068 2088 1107 2161 ab
1121 2111 1171 2160 ‘se
1197 2088 1286 2161 diota
1410 2105 1413 2116 ’
1454 2127 1456 2138 ·

98 2259 104 2266 ,
175 2192 242 2284 sint
266 2189 442 2262 defendere
475 2193 590 2286 quovis
608 2192 719 2264 modo
754 2199 879 2263 certum
909 2192 1040 2263 habeat.
1089 2190 1200 2286 Atque
1224 2190 1286 2262 illa

175 2317 304 2390 quoque
331 2315 469 2364 censura
495 2290 641 2382 defensio
668 2299 720 2363 est
744 2316 858 2363 eorum
884 2316 966 2387 quae
992 2293 1064 2388 ipse
1091 2293 1283 2389 scripserat,

175 2404 273 2491 atque
298 2392 384 2464 inde
399 2392 553 2482 illorum,
595 2415 678 2487 quae
711 2415 806 2464 ame
832 2393 957 2490 scripta
990 2400 1085 2482 sunt,
1120 2416 1187 2467 non
1212 2394 1284 2484 sine

174 2493 359 2568 dialecticis
376 2489 510 2564 ¹artibus
535 2491 624 2564 facta
647 2493 873 2588 impugnatio:
900 2493 953 2563 cui
970 2516 1032 2587 ego
1053 2499 1086 2562 et
1104 2516 1188 2585 quae
1204 2517 1287 2590 pos·

175 2598 239 2670 sim
264 2618 431 2690 opponere
458 2600 492 2664 et
517 2615 557 2662 ee
582 2616 641 2663 cnr
666 2615 732 2662 non
750 2613 924 2687 opponam,
952 2598 1047 2662 erunt
1064 2589 1204 2663 fortasse
1230 2593 1287 2687 qui

175 2697 255 2794 ipsi,
282 2695 311 2766 si
336 2719 404 2766 non
427 2693 561 2784 nolent,
594 2691 794 2788 intelligant.
844 2689 922 2786 Ego
949 2689 1098 2786 quidem,
1126 2691 1286 2788 quinon,
1393 2732 1398 2741 ·

153 2801 214 2869 'ut
237 2795 296 2868 ille
323 2793 409 2892 apud
432 2793 580 2886 Attium,
617 2817 680 2889 qno
705 2793 920 2893 pertinaciam
946 2791 1165 2884 dissimulem,
1197 2815 1287 2891 per·

106 2963 113 2972 s
175 2900 346 2974 vicecom
371 2891 454 2968 dici
475 2919 535 2968 me
560 2919 642 2970 csso
675 2905 714 2968 et
736 2897 892 2968 uincere
918 2891 1115 2994 perfacile
1135 2895 1287 2994 patiar,

176 2999 407 3072 dissentientes
432 3005 499 3070 tam
524 2997 623 3070 facile
648 2996 734 3090 fero,
760 3005 798 3069 ut
819 2996 858 3069 dc
877 3021 917 3068 eo
938 2996 1036 3068 etiam
1053 2998 1194 3093 gratiam
1214 2997 1286 3070 viro

176 3102 367 3174 doctissimo
392 3100 548 3191 habeam,
575 3099 661 3196 quod
687 3124 739 3171 me
765 3099 887 3171 erroris
915 3098 1077 3192 convicit,
1105 3122 1202 3194 quum
1226 3099 1287 3170 illa

175 3202 326 3294 Pindari,
353 3200 501 3292 ζαθέων
526 3201 637 3300 ἱερῶν
662 3195 838 3296 ὁμώνυμε
865 3195 998 3298 πάτερ,
1023 3197 1171 3299 κτίστορ
1196 3203 1289 3274 Αἴτ-

69 3387 73 3404 Ι
177 3331 265 3392 νας,
305 3302 472 3395 dolove,
507 3311 541 3375 et
565 3327 631 3374 non
658 3301 697 3372 de
723 3301 872 3376 Hierone
898 3302 987 3400 dicta
1011 3303 1184 3397 putabamc
1221 3325 1313 3400 quo·

178 3406 276 3478 simul
301 3405 369 3478 alia
394 3402 550 3499 quaedam
576 3402 709 3494 cadunt,
736 3427 818 3499 quae
845 3426 918 3476 cnm
935 3403 1009 3474 ,ista
1026 3403 1179 3499 opinione
1204 3428 1288 3477 con-

177 3507 289 3580 iuncta
321 3513 434 3578 erant:
470 3529 535 3577 non
570 3501 701 3575 credam
731 3510 840 3576 tamen
873 3500 1083 3578 aStrabone
1116 3529 1189 3578 csse
1221 3491 1322 3584 isto‘

178 3609 278 3680 uerba
302 3607 388 3680 libro
414 3628 475 3680 suo
500 3607 636 3677 inserta.
1026 3597 1036 3620 ’
