3076 5046
349 353 399 412 un
421 351 607 412 nuscuntur
628 353 819 414 nmcoons
837 336 1036 414 uuachun.
1196 353 1257 422 tat

124 519 238 594 etiarn
258 515 452 611 Homerum,
481 519 536 616 qni
563 517 642 592 alibi
668 499 821 617 λφθίμαρ
844 517 879 592 τ’
902 515 1008 616 ’Λίδη
1032 517 1097 596 καὶ
1121 511 1252 618 dueum}

122 617 391 720 Περσεφονείῃ
416 620 560 714 dixerit,
594 621 751 707 credibile
772 629 824 694 est
840 619 945 715 Ἀίδῃ
966 616 1164 718 κεύθωμαι
1189 648 1253 721 po·

121 725 255 800 tuisse.
306 721 437 795 Deinde
465 723 542 819 quia
569 719 744 798 Οἰδίποδι
773 746 894 820 prosae
920 724 1100 816 orationis,
1143 723 1252 816 Olde-

118 821 227 920 πόδῃ
256 834 365 922 autern
390 825 541 921 poeticae
568 833 631 898 est.
682 823 830 897 Vltimus
856 849 984 917 uersus,
1010 826 1045 898 in
1066 825 1183 922 quihus
1206 828 1251 898 li-

119 928 174 999 bri
202 920 389 1024 πατρηόαν
414 929 468 1022 εἴη
494 921 660 1022 φιλότητι
686 927 819 1019 hainaut,
845 924 988 999 τελέθοι
1014 935 1123 1000 autem
1147 928 1251 1000 ornis·

118 1053 196 1102 sum
227 1036 301 1119 est,
321 1028 414 1099 ‘olim
443 1029 812 1101 aliter'eonstitueram.
872 1026 949 1101 Nou
975 1027 1114 1101 debehat
1138 1037 1248 1102 tamen

118 1130 250 1222 obiici,
274 1129 376 1227 'quod
409 1123 602 1205 doioouuus'
627 1131 675 1202 in
707 1129 905 1227 principium
936 1131 1095 1225 postremi
1132 1155 1247 1204 versus

117 1232 315 1305 coniectum
340 1230 438 1327 plane
464 1231 580 1304 falsam
606 1239 803 1328 potestatem
829 1231 1015 1327 acciperet:
1051 1231 1162 1328 qualia
1188 1232 1244 1329 qui
1300 1273 1311 1288 =

114 1333 269 1430 profert,
296 1341 352 1404 aut
367 1332 578 1429 cupiditatem
593 1333 867 1430 reprehendendi,
894 1342 951 1405 aut
965 1356 1080 1429 parum
1099 1321 1271 1430 diligen-9

115 1445 188 1508 torn
216 1433 395 1507 lectionem
417 1435 584 1531 epicorum
607 1434 730 1530 prodit.
782 1431 898 1529 Neque
916 1457 994 1505 uero
1013 1433 1129 1507 doctus
1144 1443 1246 1532 poeta

114 1545 177 1608 aut
206 1530 367 1630 πατρῷά
393 1533 431 1635 μ’
461 1532 516 1630 ἐνὶ
542 1530 728 1632 φιλότητι,
764 1542 821 1606 aut
846 1532 1087 1630 ἀμφοτέροισι
1118 1533 1155 1608 δ’
1186 1535 1246 1610 det

112 1633 280 1732 πόλεμοί
304 1663 342 1708 τε
366 1630 485 1730 μάχαι
505 1663 543 1708 τε
560 1634 725 1735 γένοιντο
748 1635 892 1706 scribone
908 1636 1028 1732 potuit.
1079 1632 1150 1707 Sed
1166 1639 1247 1709 mit·
1275 1690 1276 1694 =

112 1749 186 1811 tum
216 1737 313 1810 haec.
364 1737 537 1810 Athenaeo
564 1745 698 1810 auctore
715 1735 913 1809 Eustathius
938 1761 974 1832 p.
999 1737 1109 1827 1684,
1136 1739 1173 1812 6.
1200 1738 1243 1810 de

113 1841 204 1912 diris
245 1837 388 1936 Oedipi:
430 1831 487 1913 ὧν.
519 1841 639 1912 α’ίτιον
677 1832 774 1911 κατά
789 1899 792 1908 ,
805 1863 909 1920 τινας
944 1834 999 1910 ότι
1031 1835 1247 1934 παρέθεντο

113 1944 256 2016 ἐκεῖνοι
279 1947 334 2038 τῷ
349 1939 471 2036 ’πατρί
495 1935 695 2034 ἐκπώματα
720 1937 813 2035 άπερ
836 1939 971 2021 ἐκεῖνος
988 1934 1271 2039 desumendum

113 2038 222 2139 ἦσαν
253 2040 295 2116 δὲ
335 2044 455 2118 ἐκεῖνα
485 2038 581 2115 κατὰ
613 2039 681 2116 τὸν
712 2036 932 2135 πεποιηκότα
964 2037 1033 2136 τὴν
1064 2039 1242 2136 κυκλικὴν

116 2142 298 2243 Θηβαίδα
330 2141 505 2240 πατρὸς
537 2145 632 2216 ἑοῖο
658 2138 882 2238 τιμήεντα
906 2140 1037 2242 γέρα,
1071 2141 1239 2216 τουτέστι

113 2253 185 2320 τοῦ
211 2245 351 2320 Aaron.
409 2245 560 2319 Difficile
587 2253 638 2317 est
663 2246 724 2318 hos
749 2267 865 2316 versus
891 2243 1069 2320 conciliare
1096 2269 1168 2316 curn
1189 2269 1240 2316 eo

113 2348 319 2446 fragmento,
347 2343 434 2443 quod
460 2354 511 2417 est
537 2345 859 2442 apuudscholisstam
878 2341 1059 2439 Sophoclis
1086 2345 1126 2416 ad
1145 2342 1238 2417 Oed.

114 2449 196 2522 Col.
225 2449 337 2524 1375.
364 2447 419 2542 qui
446 2447 496 2518 sic
522 2447 655 2518 scribite
689 2451 801 2518 τοῦτο
827 2440 1084 2526 ἁπαξάπαντες
1110 2443 1144 2515 οἱ
1163 2443 1241 2541 πρὸ

111 2549 230 2648 ἡμῶν
255 2544 576 2644 παραλελοίπασιν.
635 2546 707 2639 ἔχει
738 2541 779 2616 δὲ
811 2541 859 2614 τά
886 2541 959 2615 ἀπὸ
984 2550 1048 2636 τῆς
1072 2543 1236 2636 ἱστορίας

41 2701 46 2706 -
113 2651 250 2732 οὕτως.
303 2647 338 2723 οἱ
370 2645 453 2744 περὶ
469 2643 655 2719 Ἐτεοκλέα
687 2641 750 2718 καὶ
777 2639 1008 2736 Πολυνείκην
1041 2639 1091 2714 δι’
1123 2643 1243 2725 ἔθους·
1310 2689 1313 2694 -

111 2757 265 2848 ἔχοντες
288 2756 342 2845 τῷ
368 2744 480 2844 πατρὶ
500 2743 673 2823 Οἰδίποδι
697 2743 851 2840 πέμπειν
875 2745 913 2828 ἐξ
929 2737 1086 2817 ἑκάστου
1102 2741 1235 2840 ἱερείου

112 2858 259 2948 μοῖραν
283 2849 351 2926 τὸν
376 2844 499 2944 άιμον,
536 2843 781 2943 ἐκλαθόμενοί
805 2873 911 2933 ποτε,
947 2847 1017 2920 εἴτε
1049 2844 1144 2918 κατά
1169 2849 1235 2942 ῥηι-

114 2952 268 3050 οταίνην
293 2956 363 3028 ε’ίτε
387 2953 427 3035 ἐξ
451 2949 620 3040 ὁτουοῦν,
647 2947 769 3044 ἰσχίον
793 2947 895 3045 αὐτῷ
922 2947 1111 3042 ἔπεμψαν·
1146 2945 1166 3019 ὃ
1193 2943 1234 3034 δὲ
1341 2991 1345 2997 -

115 3051 361 3156 μικροιμόχαις
376 3051 438 3128 καὶ
454 3051 582 3136 τελέως
596 3051 773 3154 ἀγεννῶς,
796 3047 896 3145 όμως
907 3055 1003 3150 γοῦν
1017 3047 1110 3145 άρδις
1124 3049 1238 3122 ἔθετο

115 3159 200 3232 κατ’
237 3157 384 3244 αὐτῶν,
420 3151 531 3239 δόξας
560 3153 903 3256 κατολιγωρεῖσθαι.
964 3156 1096 3224 ταῦτα
1117 3149 1138 3224 ὁ
1163 3149 1238 3248 τὴν

114 3257 293 3354 κυκλικὴν
322 3254 492 3355 Θηβαίδα
517 3251 671 3352 ποιήσας
695 3255 836 3354 ἱστορεῖ
858 3251 992 3334 οὕτως·

216 3406 341 3505 ἰσχίον
366 3402 416 3490 ὥς
441 3400 579 3502 ἐνόησε,
602 3401 723 3500 χαμαὶ
746 3399 863 3502 βάλεν
887 3399 965 3475 εἶπέ
986 3429 1024 3473 τε
1048 3402 1203 3495 μῦθον·-

217 3512 252 3586 άί
276 3537 342 3606 μοι
367 3502 453 3610 ἐγώ,
479 3505 607 3590 παῖδες
630 3503 701 3602 μὲν
726 3501 961 3584 ὃνειδείοντες
986 3503 1174 3598 ἔπεμψαν,
1271 3558 1276 3563 .

217 3606 325 3688 admo
351 3609 416 3684 Διῒ
436 3609 589 3706 βασιλῆϊ
611 3605 674 3680 καί
700 3606 821 3688 άλλοις
846 3598 1072 3677 ἀθανάτοισι
1143 3687 1146 3694 ¹

214 3710 345 3813 χερσὶν
369 3709 433 3786 ὑπ’
463 3705 630 3806 ἀλλήλοιν
652 3702 907 3804 καταβήμεναι
923 3703 1046 3786 ’Άϊδος
1070 3705 1167 3784 ε’ίσω.

116 3863 245 3940 Eadem
270 3848 306 3938 in
323 3863 544 3938 Triclinianis
568 3859 670 3933 edidit
683 3858 874 3949 Turnebus,
902 3855 988 3953 apud
1003 3879 1098 3952 quern
1116 3863 1235 3930 τοῦτο

118 3965 276 4052 ἅπαντας
302 3977 335 4040 et
359 3971 515 4040 τοιαῦτα
539 3960 560 4037 ὃ
584 3958 653 4058 τὴν
681 3957 852 4060 Θηβαίδα
875 3953 1049 4053 κυκλικὴν
1073 3953 1236 4054 ποιήσας

110 4069 254 4167 degitur.
303 4068 346 4142 In
365 4067 516 4142 Romana
534 4064 740 4138 scholiorum
766 4062 909 4136 editione
936 4061 1093 4157 scripturn
1119 4057 1229 4156 ὄτὴν

89 4223 92 4226 -
118 4170 253 4270 μικρὴν
279 4167 460 4270 θηβαίδα.
510 4167 691 4240 Elrosleius
718 4191 737 4239 e
763 4165 877 4239 codice
900 4161 1126 4236 Laurentiano
1152 4161 1252 4232 edi-v

54 4317 56 4322 -
120 4269 206 4346 disse
241 4271 369 4346 uidetur
401 4270 421 4346 ὃ
452 4268 520 4368 τὴν
552 4266 725 4364 κυκλικὴν
753 4264 923 4363 &addida
948 4259 1120 4358 accedeus:
1159 4261 1229 4334 etsi

71 4383 75 4394 '
120 4371 260 4468 aliquam
286 4373 455 4447 dubitandi
486 4395 634 4447 caussam
652 4369 801 4467 praehet
830 4368 912 4442 haec
938 4367 1016 4438 eius
1034 4362 1228 4436 adnotatioa
