3076 5046
263 378 326 449 ιιι
439 383 490 446 ιι
510 381 664 446 nunnus·
679 365 998 446 mscnnnomnns
1019 360 1184 447 oannem.
1251 406 1259 416 ·

262 549 465 625 Boeckbins.
484 547 689 623 Fourmonto
726 549 885 647 imputat,
928 549 1016 624 baud
1053 551 1123 623 scio
1163 573 1205 622 nn
1236 543 1369 623 iniuria.

261 651 394 726 Deinde
420 651 563 747 quaein
588 652 687 724 tertio
712 675 810 724 versu
843 651 930 750 apud
954 651 1161 726 Boeckbinm
1187 653 1371 726 distinctis-

263 755 344 828 sime
369 753 512 850 scriptae
546 761 623 826 sunt
653 753 785 826 litterae
814 755 958 842 ΤΟΙΣ,
973 755 1006 852 ⁴)
1043 755 1128 850 apud
1153 753 1293 826 Rosium
1319 755 1371 826 vi·

263 857 381 928 dentur
403 853 522 928 ΤΑΙΣ
544 878 631 946 csse,
656 862 694 926 nt
719 853 861 927 dubitari
880 855 988 954 possit
1007 855 1085 951 qnid
1104 855 1186 928 illnd
1206 856 1269 928 sitr
1295 879 1370 928 nam

262 958 292 1030 ei
317 981 384 1030 non
409 964 461 1030 est
485 959 566 1038 ταῖς
591 957 644 1028 rel
668 959 765 1045 τοῖς,
805 957 910 1028 videri
941 964 1054 1053 potest
1084 959 1138 1031 rel
1162 960 1260 1030 ΔΙΣ
1281 981 1368 1050 esse,

262 1060 292 1132 si
323 1059 460 1155 primam
491 1058 653 1130 litteram·
669 1057 889 1153 seiungimns,
931 1059 1004 1150 rel,
1041 1058 1071 1130 si
1103 1082 1175 1131 eam
1207 1059 1368 1150 addimus,

208 1239 210 1242 ,
265 1147 398 1238 ΤΡῘΣ.
448 1158 579 1255 Atque,
620 1157 649 1231 si
675 1161 728 1232 rel
753 1156 811 1242 dic
836 1161 888 1232 rel
913 1156 993 1256 τρὶς
1016 1159 1098 1252 fnit,
1126 1167 1279 1256 apertum
1304 1168 1369 1252 est,

262 1264 349 1360 qnod
382 1260 531 1357 sequitur
554 1254 700 1357 τετράκι
734 1261 775 1332 ad
808 1261 897 1332 alind
930 1267 1095 1334 certarnen
1126 1261 1263 1334 referri.
1304 1286 1369 1358 quo

146 1437 148 1442 ,
261 1388 397 1436 necesse
423 1372 474 1436 est
499 1369 605 1434 totam
626 1362 852 1460 inscriptionis
883 1364 1075 1434 sententiam
1101 1364 1234 1435 mutari.
1284 1362 1369 1436 Nam

261 1490 359 1562 quum
385 1465 425 1536 de
451 1464 599 1541 uictoriis
625 1488 808 1536 sermonem
825 1488 899 1536 csse
913 1472 1037 1583 pateat,
1065 1465 1195 1537 omnino
1217 1473 1274 1537 aut
1287 1488 1371 1563 qna·

260 1574 313 1639 ter
336 1567 408 1657 ille,
436 1566 491 1662 qui
516 1567 628 1668 pqsuit
653 1574 913 1656 monumentum,
947 1565 1067 1638 vicisse
1092 1565 1279 1659 dicebatur,
1313 1575 1371 1639 aut

202 1703 207 1724 ι
259 1669 295 1740 ιι
320 1670 421 1742 certis
452 1667 540 1739 ludis
573 1665 623 1739 bis
653 1676 764 1759 terve,
802 1679 917 1764 qnater
950 1669 1099 1740 autem
1088 1693 1124 1739 ιι
1157 1669 1231 1740 aliis
1263 1669 1371 1741 victor

164 1847 167 1855 k
261 1794 334 1844 esse
361 1770 485 1842 debuit.
534 1768 689 1866 Demque
715 1769 808 1842 tertii
832 1793 947 1842 versus
972 1771 1087 1842 ultima
1111 1770 1223 1843 littera
1249 1770 1313 1842 etsi
1333 1767 1371 1842 V

261 1873 386 1969 scripta
411 1879 475 1962 est,
503 1870 590 1967 quod
614 1871 712 1944 hac
701 1896 736 1942 ιι
761 1871 978 1968 inscriptione
1006 1876 1038 1942 Y
1056 1869 1235 1968 significat,
1261 1880 1371 1946 tamen

259 1982 372 2069 potest
396 1973 495 2044 ctiam
520 1971 607 2042 alins
634 1973 766 2043 litterae
791 1996 869 2068 pars
896 1997 983 2043 csse.
999 1974 1030 2070 5)

360 2071 503 2143 Litteris
537 2073 680 2167 cognitis
712 2075 899 2169 proximum
925 2081 995 2165 est,
1036 2081 1074 2144 ut
1104 2073 1254 2147 videatur
1286 2099 1371 2172 qnae

182 2219 185 2228 .
262 2175 358 2246 verba
383 2173 596 2244 verborumve
627 2181 739 2268 partes
771 2173 853 2255 nibil
885 2173 960 2244 ιιιιι
985 2177 1229 2268 contraxerint,
1263 2185 1301 2248 ιι
1326 2201 1371 2248 ex

147 2313 150 2318 ·
259 2277 302 2347 iis
328 2275 535 2370 colligamus,
573 2275 659 2370 qnod
685 2282 926 2371 argumentum
937 2299 1084 2372 quaeque
1110 2277 1272 2350 sententia
1295 2277 1372 2350 fue·

259 2378 305 2452 rit
302 2376 567 2502 inscriptionis.
618 2373 786 2448 Habemus
813 2383 920 2448 autern
945 2378 1000 2450 bic
1025 2379 1130 2474 primo
1152 2404 1270 2452 nomen
1288 2405 1371 2478 pro·

259 2479 367 2577 prium
392 2479 433 2549 ιι
453 2472 529 2550 όων
554 2478 774 2569 terminatum,
800 2487 838 2550 ιι
857 2473 968 2553 Κόων
994 2505 1036 2550 err
1055 2505 1159 2606 coque
1174 2483 1369 2579 composita,
1413 2555 1420 2564 ,

231 2635 235 2646 .
261 2580 371 2700 qualia
391 2573 605 2667 Ἱπποκόων,
630 2574 827 2666 Λαοκόων,
853 2581 907 2651 rel
933 2581 1064 2652 aliter
1054 2607 1089 2653 ιι
1114 2576 1190 2656 όων
1215 2582 1371 2656 desinen-

211 2737 237 2782 ·.
259 2683 320 2774 tia,
345 2675 686 2778 ιιΔηποφόων,”
650 2676 874 2779 ιεινοφόων.
924 2681 1034 2757 Ileind
1038 2708 1056 2754 e
1078 2681 1257 2780 ἇνὲθηκει
1283 2687 1369 2758 unde

260 2784 386 2901 aliquid
411 2783 595 2854 dedicatum
621 2806 694 2854 esse
719 2784 949 2880 intelligimus.
1001 2785 1089 2876 Quid
1109 2795 1217 2858 autern
1236 2787 1371 2860 dedica·

259 2894 328 2957 tum
353 2884 416 2974 sit,
451 2884 508 2954 vix
533 2883 665 2955 dubium
690 2886 878 2980 relinquunt
911 2909 993 2980 qnae
1019 2895 1199 2980 sequnntur
1222 2888 1369 2981 litterae,

182 2975 185 2988 ’
258 2988 294 3058 ιι
319 2985 435 3082 quibus
451 2990 551 3056 ¹recte
573 2985 788 3081 deprehendit
802 2985 993 3057 Bocckhins
1011 2985 1115 3070 ἔντεα
1132 2983 1244 3081 ἰσχύϊ.
1278 2989 1371 3064 Hinc
1417 3063 1420 3070 ,

261 3087 338 3184 qnid
362 3086 543 3182 proclivius
566 3095 629 3179 est,
657 3110 752 3183 quam
769 3086 898 3156 initium
914 3086 1171 3180 epigrammatis,
1195 3090 1262 3161 nisi
1280 3091 1380 3186 quod¹

206 3184 226 3208 ⁸
259 3211 389 3284 qomen·
402 3187 465 3258 ιιιι
489 3187 650 3260 incertum
675 3193 796 3277 manet,
823 3187 889 3259 tale
915 3187 1037 3259 luisse:

405 3334 604 3413 Ἱπποκόων
630 3333 788 3432 ἀνέθηκε
812 3332 897 3412 cdd'
928 3338 1033 3414 ἔντεα
1057 3334 1194 3436 ἰσχύι.
1221 3399 1231 3416 .

259 3481 450 3589 Sequuntur
473 3492 612 3581 incerta,
638 3489 713 3564 ΛΟ
734 3498 769 3562 et
787 3493 968 3580 ΕΙΟΠΣ,
983 3494 1015 3592 ⁶)
1043 3518 1125 3592 qnae
1141 3495 1273 3568 interim
1290 3495 1368 3569 mit·

259 3593 357 3667 tenda
382 3602 469 3686 snut,
495 3600 622 3679 utnon
647 3593 739 3690 prins
765 3593 819 3666 rel
839 3595 1052 3691 explicabilia
1071 3597 1122 3668 rel
1139 3595 1366 3688 emendabilia,

259 3719 356 3792 qnam
377 3696 417 3767 de
435 3693 574 3768 caeteris
592 3695 790 3768 constiterit.
833 3695 942 3770 Porr‘o
961 3698 1106 3770 ridemus
1123 3699 1373 3778 TOIZDAV
1471 3727 1476 3746 ⁴

262 3799 452 3901 021012
472 3800 542 3870 ιιι
564 3799 805 3874 Aaronom
825 3803 1062 3913 rnrrnmg
1095 3824 1140 3870 ex
1169 3799 1285 3895 quinus
1307 3825 1367 3874 00-

259 3897 447 3997 gnoscimus
479 3899 519 3972 in.
547 3907 702 3995 quattuor
733 3900 944 3971 uictoriarum
972 3873 1161 3972 merioriam
1192 3924 1281 3972 anna
1305 3926 1366 3975 sna

344 4133 374 4227 ⁴)
401 4134 543 4216 Perspicua
564 4138 632 4214 apud
651 4138 776 4196 Rossinm
801 4131 916 4197 ΤΟΙΣ.

344 4235 383 4320 ⁶>
400 4236 478 4316 Apud
498 4237 623 4297 Roscium
650 4244 676 4294 et
696 4235 722 4296 Y
741 4240 864 4294 usitatam
885 4238 994 4296 formam
1014 4223 1105 4309 babet,
1134 4244 1162 4297 et
1181 4244 1251 4300 tertii
1270 4261 1363 4302 remus

245 4325 350 4383 ‘ultima
369 4323 457 4381 littera
476 4321 513 4382 N
530 4329 570 4378 est
589 4341 635 4396 pro
656 4319 706 4394 M,
727 4326 788 4398 qnia
807 4321 899 4380 ιιιιιιι
919 4321 987 4380 linea
1008 4323 1089 4381 fracto
1110 4323 1195 4402 lapide
1215 4331 1321 4386 interiit.

344 4419 374 4503 θ)
402 4423 541 4498 Perspicua
561 4425 589 4480 in
601 4421 695 4500 xlapide
716 4421 784 4500 apud
804 4422 926 4482 Rossium
948 4426 1071 4501 scriptum
1092 4433 1133 4484 est
1152 4422 1337 4528 0103102.
