<?xml version="1.0" encoding="UTF-8"?>
<!DOCTYPE html PUBLIC "-//W3C//DTD XHTML 1.0 Transitional//EN"
    "http://www.w3.org/TR/xhtml1/DTD/xhtml1-transitional.dtd">
<html xmlns="http://www.w3.org/1999/xhtml" xml:lang="en" lang="en">
 <head>
  <title>
</title>
<meta http-equiv="Content-Type" content="text/html;charset=utf-8" />
  <meta name='ocr-system' content='tesseract 3.04.00' />
  <meta name='ocr-capabilities' content='ocr_page ocr_carea ocr_par ocr_line ocrx_word'/>
</head>
<body>
  <div class='ocr_page' id='page_1' title='image "./opuscula05hermgoog_0319.png"; bbox 0 0 3070 5048; ppageno 0'>
   <div class='ocr_carea' id='block_1_1' title="bbox 331 437 1349 512">
    <p class='ocr_par' dir='ltr' id='par_1_1' title="bbox 331 437 1349 512">
     <span class='ocr_line' id='line_1_1' title="bbox 331 437 1349 512; baseline -0.005 0"><span class='ocrx_word' id='word_1_1' title='bbox 331 442 396 512; x_wconf 72' lang='lat' dir='ltr'><strong>did</strong></span> <span class='ocrx_word' id='word_1_2' title='bbox 649 447 699 508; x_wconf 79' lang='lat' dir='ltr'><strong>llll</strong></span> <span class='ocrx_word' id='word_1_3' title='bbox 720 443 909 508; x_wconf 69' lang='lat' dir='ltr'><strong>securus</strong></span> <span class='ocrx_word' id='word_1_4' title='bbox 930 445 982 508; x_wconf 81' lang='grc' dir='ltr'><strong>ΕΤ</strong></span> <span class='ocrx_word' id='word_1_5' title='bbox 1001 444 1131 510; x_wconf 74' lang='lat' dir='ltr'><strong>maun</strong></span> <span class='ocrx_word' id='word_1_6' title='bbox 1304 437 1308 443; x_wconf 77' lang='grc'><strong>’</strong></span> <span class='ocrx_word' id='word_1_7' title='bbox 1347 479 1349 486; x_wconf 86' lang='lat'><em>·</em></span> 
     </span>
    </p>
   </div>
   <div class='ocr_carea' id='block_1_2' title="bbox 213 607 1528 3252">
    <p class='ocr_par' dir='ltr' id='par_1_2' title="bbox 213 607 1459 2414">
     <span class='ocr_line' id='line_1_2' title="bbox 327 607 1443 734; baseline -0.004 -44"><span class='ocrx_word' id='word_1_8' title='bbox 327 612 449 690; x_wconf 71' lang='lat' dir='ltr'><strong>meum</strong></span> <span class='ocrx_word' id='word_1_9' title='bbox 472 607 676 710; x_wconf 68' lang='lat' dir='ltr'><strong>rationisque</strong></span> <span class='ocrx_word' id='word_1_10' title='bbox 709 620 865 734; x_wconf 81' lang='lat' dir='ltr'><strong>expertas</strong></span> <span class='ocrx_word' id='word_1_11' title='bbox 895 635 971 686; x_wconf 85' lang='lat' dir='ltr'><strong>esse</strong></span> <span class='ocrx_word' id='word_1_12' title='bbox 1002 635 1109 711; x_wconf 79' lang='lat' dir='ltr'><strong>neque</strong></span> <span class='ocrx_word' id='word_1_13' title='bbox 1140 633 1241 710; x_wconf 78' lang='lat' dir='ltr'><strong>cgere</strong></span> <span class='ocrx_word' id='word_1_14' title='bbox 1268 611 1443 710; x_wconf 70' lang='lat' dir='ltr'><strong>quidquam</strong></span> 
     </span>
     <span class='ocr_line' id='line_1_3' title="bbox 325 713 1443 820; baseline -0.002 -32"><span class='ocrx_word' id='word_1_15' title='bbox 325 737 430 820; x_wconf 69' lang='lat' dir='ltr'><strong>posse</strong></span> <span class='ocrx_word' id='word_1_16' title='bbox 431 713 662 814; x_wconf 66' lang='lat' dir='ltr'><strong>adamatur,</strong></span> <span class='ocrx_word' id='word_1_17' title='bbox 695 715 768 786; x_wconf 87' lang='lat' dir='ltr'><strong>nisi</strong></span> <span class='ocrx_word' id='word_1_18' title='bbox 793 737 851 787; x_wconf 87' lang='lat' dir='ltr'><strong>eea</strong></span> <span class='ocrx_word' id='word_1_19' title='bbox 882 715 1024 788; x_wconf 88' lang='lat' dir='ltr'><strong>hnmano</strong></span> <span class='ocrx_word' id='word_1_20' title='bbox 1049 737 1189 814; x_wconf 82' lang='lat' dir='ltr'><strong>corpore</strong></span> <span class='ocrx_word' id='word_1_21' title='bbox 1221 713 1443 805; x_wconf 80' lang='lat' dir='ltr'><strong>includerent,</strong></span> 
     </span>
     <span class='ocr_line' id='line_1_4' title="bbox 327 799 1443 918; baseline 0 -30"><span class='ocrx_word' id='word_1_22' title='bbox 327 799 468 888; x_wconf 87' lang='lat' dir='ltr'><strong>radiis</strong></span> <span class='ocrx_word' id='word_1_23' title='bbox 458 841 490 888; x_wconf 92' lang='grc' dir='ltr'><strong>ιιι</strong></span> <span class='ocrx_word' id='word_1_24' title='bbox 518 818 658 918; x_wconf 78' lang='lat' dir='ltr'><strong>sagittas</strong></span> <span class='ocrx_word' id='word_1_25' title='bbox 683 817 829 889; x_wconf 86' lang='lat' dir='ltr'><strong>mutatis.</strong></span> <span class='ocrx_word' id='word_1_26' title='bbox 880 816 1093 890; x_wconf 73' lang='lat' dir='ltr'><strong>Accedebant</strong></span> <span class='ocrx_word' id='word_1_27' title='bbox 1117 815 1194 888; x_wconf 87' lang='lat' dir='ltr'><strong>inde</strong></span> <span class='ocrx_word' id='word_1_28' title='bbox 1220 815 1306 908; x_wconf 87' lang='lat' dir='ltr'><strong>alia,</strong></span> <span class='ocrx_word' id='word_1_29' title='bbox 1344 823 1443 912; x_wconf 75' lang='lat' dir='ltr'><strong>atquc</strong></span> 
     </span>
     <span class='ocr_line' id='line_1_5' title="bbox 213 911 1443 1015; baseline -0.001 -25"><span class='ocrx_word' id='word_1_30' title='bbox 213 953 216 964; x_wconf 78' lang='lat'><em>=</em></span> <span class='ocrx_word' id='word_1_31' title='bbox 328 915 364 990; x_wconf 90' lang='lat' dir='ltr'><strong>in</strong></span> <span class='ocrx_word' id='word_1_32' title='bbox 378 918 537 1015; x_wconf 75' lang='lat' dir='ltr'><strong>Apolline</strong></span> <span class='ocrx_word' id='word_1_33' title='bbox 562 917 694 1014; x_wconf 85' lang='lat' dir='ltr'><strong>quidem</strong></span> <span class='ocrx_word' id='word_1_34' title='bbox 719 917 760 989; x_wconf 91' lang='lat' dir='ltr'><strong>ab</strong></span> <span class='ocrx_word' id='word_1_35' title='bbox 784 917 903 991; x_wconf 81' lang='lat' dir='ltr'><strong>iisdmu</strong></span> <span class='ocrx_word' id='word_1_36' title='bbox 926 917 1042 1010; x_wconf 86' lang='lat' dir='ltr'><strong>radiis,</strong></span> <span class='ocrx_word' id='word_1_37' title='bbox 1068 925 1105 991; x_wconf 88' lang='lat' dir='ltr'><strong>at</strong></span> <span class='ocrx_word' id='word_1_38' title='bbox 1125 911 1267 1001; x_wconf 76' lang='grc' dir='ltr'><em>ξανθός</em></span> <span class='ocrx_word' id='word_1_39' title='bbox 1285 925 1320 989; x_wconf 85' lang='lat' dir='ltr'><strong>et</strong></span> <span class='ocrx_word' id='word_1_40' title='bbox 1333 915 1443 1014; x_wconf 77' lang='grc' dir='ltr'><strong><em>ἀκερ-</em></strong></span> 
     </span>
     <span class='ocr_line' id='line_1_6' title="bbox 326 1015 1444 1140; baseline -0.004 -47"><span class='ocrx_word' id='word_1_41' title='bbox 326 1015 484 1116; x_wconf 74' lang='grc' dir='ltr'><strong>σικόμης</strong></span> <span class='ocrx_word' id='word_1_42' title='bbox 499 1021 736 1140; x_wconf 72' lang='lat' dir='ltr'><strong>appellaretur,</strong></span> <span class='ocrx_word' id='word_1_43' title='bbox 762 1028 799 1091; x_wconf 90' lang='lat' dir='ltr'><strong>ut</strong></span> <span class='ocrx_word' id='word_1_44' title='bbox 818 1021 932 1092; x_wconf 87' lang='lat' dir='ltr'><strong>laurea</strong></span> <span class='ocrx_word' id='word_1_45' title='bbox 949 1027 1165 1098; x_wconf 71' lang='lat' dir='ltr'><strong>coronaretur</strong></span> <span class='ocrx_word' id='word_1_46' title='bbox 1183 1028 1321 1116; x_wconf 85' lang='lat' dir='ltr'><strong>prepter</strong></span> <span class='ocrx_word' id='word_1_47' title='bbox 1335 1018 1444 1090; x_wconf 84' lang='lat' dir='ltr'><strong>Tam·</strong></span> 
     </span>
     <span class='ocr_line' id='line_1_7' title="bbox 326 1119 1443 1220; baseline -0.002 -26"><span class='ocrx_word' id='word_1_48' title='bbox 326 1123 421 1220; x_wconf 89' lang='lat' dir='ltr'><strong>picas</strong></span> <span class='ocrx_word' id='word_1_49' title='bbox 446 1123 578 1211; x_wconf 88' lang='lat' dir='ltr'><strong>lauras,</strong></span> <span class='ocrx_word' id='word_1_50' title='bbox 607 1130 646 1194; x_wconf 91' lang='lat' dir='ltr'><strong>ut</strong></span> <span class='ocrx_word' id='word_1_51' title='bbox 669 1119 797 1194; x_wconf 90' lang='lat' dir='ltr'><strong>citbara</strong></span> <span class='ocrx_word' id='word_1_52' title='bbox 820 1123 1039 1194; x_wconf 72' lang='lat' dir='ltr'><strong>instrueretur</strong></span> <span class='ocrx_word' id='word_1_53' title='bbox 1063 1121 1106 1194; x_wconf 93' lang='lat' dir='ltr'><strong>ob</strong></span> <span class='ocrx_word' id='word_1_54' title='bbox 1131 1119 1331 1194; x_wconf 86' lang='lat' dir='ltr'><strong>bilaritatem</strong></span> <span class='ocrx_word' id='word_1_55' title='bbox 1356 1120 1443 1192; x_wconf 73' lang='lat' dir='ltr'><strong>lame</strong></span> 
     </span>
     <span class='ocr_line' id='line_1_8' title="bbox 289 1221 1459 1326; baseline -0.003 -30"><span class='ocrx_word' id='word_1_56' title='bbox 289 1313 293 1326; x_wconf 16' lang='grc' dir='ltr'><strong>ς</strong></span> <span class='ocrx_word' id='word_1_57' title='bbox 329 1224 478 1316; x_wconf 86' lang='lat' dir='ltr'><strong>diurnae,</strong></span> <span class='ocrx_word' id='word_1_58' title='bbox 503 1223 645 1296; x_wconf 78' lang='lat' dir='ltr'><strong>fortasse</strong></span> <span class='ocrx_word' id='word_1_59' title='bbox 669 1223 768 1298; x_wconf 86' lang='lat' dir='ltr'><strong>etiam</strong></span> <span class='ocrx_word' id='word_1_60' title='bbox 794 1231 932 1322; x_wconf 86' lang='lat' dir='ltr'><strong>propter</strong></span> <span class='ocrx_word' id='word_1_61' title='bbox 955 1245 1126 1322; x_wconf 81' lang='lat' dir='ltr'><strong>paeonem,</strong></span> <span class='ocrx_word' id='word_1_62' title='bbox 1152 1245 1248 1320; x_wconf 87' lang='lat' dir='ltr'><strong>quem</strong></span> <span class='ocrx_word' id='word_1_63' title='bbox 1268 1223 1357 1299; x_wconf 72' lang='lat' dir='ltr'><strong>uoce</strong></span> <span class='ocrx_word' id='word_1_64' title='bbox 1371 1221 1459 1317; x_wconf 58' lang='lat' dir='ltr'><strong>Py·x</strong></span> 
     </span>
     <span class='ocr_line' id='line_1_9' title="bbox 324 1324 1442 1418; baseline -0.002 -20"><span class='ocrx_word' id='word_1_65' title='bbox 324 1325 418 1399; x_wconf 88' lang='lat' dir='ltr'><strong>tbico</strong></span> <span class='ocrx_word' id='word_1_66' title='bbox 444 1326 601 1418; x_wconf 81' lang='lat' dir='ltr'><strong>dracone,¹</strong></span> <span class='ocrx_word' id='word_1_67' title='bbox 625 1325 661 1396; x_wconf 91' lang='lat' dir='ltr'><strong>id</strong></span> <span class='ocrx_word' id='word_1_68' title='bbox 687 1333 739 1397; x_wconf 89' lang='lat' dir='ltr'><strong>cst</strong></span> <span class='ocrx_word' id='word_1_69' title='bbox 764 1324 919 1398; x_wconf 83' lang='lat' dir='ltr'><strong>stabilitis</strong></span> <span class='ocrx_word' id='word_1_70' title='bbox 943 1325 991 1396; x_wconf 91' lang='lat' dir='ltr'><strong>ibi</strong></span> <span class='ocrx_word' id='word_1_71' title='bbox 1015 1325 1120 1398; x_wconf 88' lang='lat' dir='ltr'><strong>sacris</strong></span> <span class='ocrx_word' id='word_1_72' title='bbox 1142 1324 1224 1415; x_wconf 79' lang='lat' dir='ltr'><strong>stis,</strong></span> <span class='ocrx_word' id='word_1_73' title='bbox 1240 1324 1442 1418; x_wconf 76' lang='lat' dir='ltr'><strong>¹cecinisset.</strong></span> 
     </span>
     <span class='ocr_line' id='line_1_10' title="bbox 218 1421 1442 1525; baseline -0.001 -27"><span class='ocrx_word' id='word_1_74' title='bbox 218 1425 240 1491; x_wconf 78' lang='grc'><strong>’.</strong></span> <span class='ocrx_word' id='word_1_75' title='bbox 327 1427 417 1520; x_wconf 75' lang='lat' dir='ltr'><strong>Quin</strong></span> <span class='ocrx_word' id='word_1_76' title='bbox 447 1428 520 1525; x_wconf 89' lang='lat' dir='ltr'><strong>ipse</strong></span> <span class='ocrx_word' id='word_1_77' title='bbox 546 1426 640 1500; x_wconf 85' lang='lat' dir='ltr'><strong>Deus</strong></span> <span class='ocrx_word' id='word_1_78' title='bbox 673 1435 708 1500; x_wconf 87' lang='lat' dir='ltr'><strong>at</strong></span> <span class='ocrx_word' id='word_1_79' title='bbox 724 1421 913 1501; x_wconf 74' lang='grc' dir='ltr'><strong><em>Ἀπόλλων</em></strong></span> <span class='ocrx_word' id='word_1_80' title='bbox 938 1427 1007 1499; x_wconf 85' lang='lat' dir='ltr'><strong>sire</strong></span> <span class='ocrx_word' id='word_1_81' title='bbox 1026 1423 1210 1500; x_wconf 79' lang='grc' dir='ltr'><strong>Ἀπέλλων</strong></span> <span class='ocrx_word' id='word_1_82' title='bbox 1235 1434 1270 1498; x_wconf 87' lang='lat' dir='ltr'><strong>et</strong></span> <span class='ocrx_word' id='word_1_83' title='bbox 1286 1426 1442 1521; x_wconf 77' lang='grc' dir='ltr'>Φοῖβος</span> 
     </span>
     <span class='ocr_line' id='line_1_11' title="bbox 280 1527 1441 1627; baseline -0.004 -25"><span class='ocrx_word' id='word_1_84' title='bbox 280 1609 282 1616; x_wconf 50' lang='grc'><strong>,</strong></span> <span class='ocrx_word' id='word_1_85' title='bbox 323 1529 440 1602; x_wconf 85' lang='lat' dir='ltr'><strong>neseio</strong></span> <span class='ocrx_word' id='word_1_86' title='bbox 466 1551 507 1600; x_wconf 85' lang='lat' dir='ltr'><strong>au</strong></span> <span class='ocrx_word' id='word_1_87' title='bbox 532 1530 639 1627; x_wconf 87' lang='lat' dir='ltr'><strong>primo</strong></span> <span class='ocrx_word' id='word_1_88' title='bbox 665 1551 684 1600; x_wconf 87' lang='lat' dir='ltr'><strong>a</strong></span> <span class='ocrx_word' id='word_1_89' title='bbox 709 1528 862 1624; x_wconf 80' lang='lat' dir='ltr'><strong>fugandis</strong></span> <span class='ocrx_word' id='word_1_90' title='bbox 886 1527 1056 1602; x_wconf 79' lang='lat' dir='ltr'><strong>nocturnis</strong></span> <span class='ocrx_word' id='word_1_91' title='bbox 1082 1527 1227 1600; x_wconf 87' lang='lat' dir='ltr'><strong>tenebris</strong></span> <span class='ocrx_word' id='word_1_92' title='bbox 1253 1527 1298 1600; x_wconf 89' lang='lat' dir='ltr'><strong>eit</strong></span> <span class='ocrx_word' id='word_1_93' title='bbox 1321 1527 1441 1624; x_wconf 83' lang='lat' dir='ltr'><strong>appel-</strong></span> 
     </span>
     <span class='ocr_line' id='line_1_12' title="bbox 325 1625 1440 1728; baseline -0.003 -25"><span class='ocrx_word' id='word_1_94' title='bbox 325 1631 426 1707; x_wconf 90' lang='lat' dir='ltr'><strong>latus.</strong></span> <span class='ocrx_word' id='word_1_95' title='bbox 486 1627 541 1704; x_wconf 87' lang='lat' dir='ltr'><strong>lta</strong></span> <span class='ocrx_word' id='word_1_96' title='bbox 575 1629 803 1727; x_wconf 80' lang='lat' dir='ltr'><strong>indigenarum</strong></span> <span class='ocrx_word' id='word_1_97' title='bbox 836 1630 971 1727; x_wconf 76' lang='lat' dir='ltr'><strong>ingenie</strong></span> <span class='ocrx_word' id='word_1_98' title='bbox 1002 1629 1173 1728; x_wconf 74' lang='lat' dir='ltr'><strong>paullatim</strong></span> <span class='ocrx_word' id='word_1_99' title='bbox 1206 1625 1440 1702; x_wconf 83' lang='lat' dir='ltr'><strong>adsuescantes</strong></span> 
     </span>
     <span class='ocr_line' id='line_1_13' title="bbox 326 1730 1439 1854; baseline -0.003 -49"><span class='ocrx_word' id='word_1_100' title='bbox 326 1733 483 1854; x_wconf 76' lang='lat' dir='ltr'><strong>aduenae,</strong></span> <span class='ocrx_word' id='word_1_101' title='bbox 506 1742 735 1830; x_wconf 75' lang='lat' dir='ltr'><strong>ementesque</strong></span> <span class='ocrx_word' id='word_1_102' title='bbox 761 1732 828 1804; x_wconf 86' lang='lat' dir='ltr'><strong>alie</strong></span> <span class='ocrx_word' id='word_1_103' title='bbox 852 1733 913 1806; x_wconf 87' lang='lat' dir='ltr'><strong>sub</strong></span> <span class='ocrx_word' id='word_1_104' title='bbox 941 1733 1034 1805; x_wconf 90' lang='lat' dir='ltr'><strong>caele</strong></span> <span class='ocrx_word' id='word_1_105' title='bbox 1055 1730 1278 1802; x_wconf 81' lang='lat' dir='ltr'><strong>sublimiorem</strong></span> <span class='ocrx_word' id='word_1_106' title='bbox 1301 1731 1439 1802; x_wconf 84' lang='lat' dir='ltr'><strong>orientis</strong></span> 
     </span>
     <span class='ocr_line' id='line_1_14' title="bbox 277 1832 1439 2034; baseline 0.001 -29"><span class='ocrx_word' id='word_1_107' title='bbox 277 1835 501 2034; x_wconf 64' lang='lat' dir='ltr'><strong>roib&#39;iill</strong></span> <span class='ocrx_word' id='word_1_108' title='bbox 526 1832 1439 2054; x_wconf 54' lang='lat' dir='ltr'><strong>‚illuitbibionellumtelluri</strong></span> 
     </span>
     <span class='ocr_line' id='line_1_15' title="bbox 326 2035 1440 2136; baseline -0.004 -26"><span class='ocrx_word' id='word_1_109' title='bbox 326 2037 467 2110; x_wconf 85' lang='lat' dir='ltr'><strong>hnmana</strong></span> <span class='ocrx_word' id='word_1_110' title='bbox 497 2037 603 2110; x_wconf 89' lang='lat' dir='ltr'><strong>forma</strong></span> <span class='ocrx_word' id='word_1_111' title='bbox 634 2037 822 2132; x_wconf 82' lang='lat' dir='ltr'><strong>praeditos</strong></span> <span class='ocrx_word' id='word_1_112' title='bbox 834 2037 983 2136; x_wconf 80' lang='lat' dir='ltr'><strong>cogitare</strong></span> <span class='ocrx_word' id='word_1_113' title='bbox 1007 2036 1089 2108; x_wconf 86' lang='lat' dir='ltr'><strong>deos</strong></span> <span class='ocrx_word' id='word_1_114' title='bbox 1115 2035 1301 2126; x_wconf 78' lang='lat' dir='ltr'><strong>discentes,</strong></span> <span class='ocrx_word' id='word_1_115' title='bbox 1333 2036 1440 2131; x_wconf 77' lang='lat' dir='ltr'><strong>magis</strong></span> 
     </span>
     <span class='ocr_line' id='line_1_16' title="bbox 321 2137 1439 2234; baseline -0.002 -24"><span class='ocrx_word' id='word_1_116' title='bbox 321 2138 493 2234; x_wconf 84' lang='lat' dir='ltr'><strong>magisque</strong></span> <span class='ocrx_word' id='word_1_117' title='bbox 519 2139 602 2210; x_wconf 89' lang='lat' dir='ltr'><strong>solis</strong></span> <span class='ocrx_word' id='word_1_118' title='bbox 626 2138 788 2232; x_wconf 82' lang='lat' dir='ltr'><strong>lunaeque</strong></span> <span class='ocrx_word' id='word_1_119' title='bbox 815 2139 966 2210; x_wconf 86' lang='lat' dir='ltr'><strong>obliuisci</strong></span> <span class='ocrx_word' id='word_1_120' title='bbox 992 2161 1152 2234; x_wconf 85' lang='lat' dir='ltr'><strong>caepere,</strong></span> <span class='ocrx_word' id='word_1_121' title='bbox 1183 2137 1439 2234; x_wconf 81' lang='lat' dir='ltr'><strong>Apollinemque</strong></span> 
     </span>
     <span class='ocr_line' id='line_1_17' title="bbox 322 2237 1438 2370; baseline -0.001 -59"><span class='ocrx_word' id='word_1_122' title='bbox 322 2248 359 2312; x_wconf 86' lang='lat' dir='ltr'><strong>ct</strong></span> <span class='ocrx_word' id='word_1_123' title='bbox 382 2237 526 2312; x_wconf 87' lang='lat' dir='ltr'><strong>Dianam</strong></span> <span class='ocrx_word' id='word_1_124' title='bbox 550 2263 612 2336; x_wconf 90' lang='lat' dir='ltr'><strong>pro</strong></span> <span class='ocrx_word' id='word_1_125' title='bbox 638 2239 736 2335; x_wconf 87' lang='lat' dir='ltr'><strong>plane</strong></span> <span class='ocrx_word' id='word_1_126' title='bbox 762 2239 837 2322; x_wconf 85' lang='lat' dir='ltr'><strong>aliis</strong></span> <span class='ocrx_word' id='word_1_127' title='bbox 864 2263 959 2338; x_wconf 86' lang='lat' dir='ltr'><strong>quam</strong></span> <span class='ocrx_word' id='word_1_128' title='bbox 993 2239 1050 2336; x_wconf 89' lang='lat' dir='ltr'><strong>qni</strong></span> <span class='ocrx_word' id='word_1_129' title='bbox 1077 2261 1192 2311; x_wconf 76' lang='lat' dir='ltr'><strong>revera</strong></span> <span class='ocrx_word' id='word_1_130' title='bbox 1217 2238 1349 2370; x_wconf 79' lang='lat' dir='ltr'><strong>inerant</strong></span> <span class='ocrx_word' id='word_1_131' title='bbox 1374 2237 1438 2310; x_wconf 86' lang='lat' dir='ltr'><strong>diis</strong></span> 
     </span>
     <span class='ocr_line' id='line_1_18' title="bbox 323 2341 486 2414; baseline -0.02 0"><span class='ocrx_word' id='word_1_132' title='bbox 323 2341 486 2414; x_wconf 82' lang='lat' dir='ltr'><strong>venerati.</strong></span> 
     </span>
    </p>

    <p class='ocr_par' dir='ltr' id='par_1_3' title="bbox 313 2433 1528 3150">
     <span class='ocr_line' id='line_1_19' title="bbox 423 2433 1436 2532; baseline -0.003 -18"><span class='ocrx_word' id='word_1_133' title='bbox 423 2433 700 2514; x_wconf 85' lang='lat' dir='ltr'><strong>Adumbravimns</strong></span> <span class='ocrx_word' id='word_1_134' title='bbox 732 2441 815 2514; x_wconf 86' lang='lat' dir='ltr'><strong>baec</strong></span> <span class='ocrx_word' id='word_1_135' title='bbox 847 2465 887 2512; x_wconf 90' lang='lat' dir='ltr'><strong>eo</strong></span> <span class='ocrx_word' id='word_1_136' title='bbox 916 2442 1078 2532; x_wconf 87' lang='lat' dir='ltr'><strong>consilio,</strong></span> <span class='ocrx_word' id='word_1_137' title='bbox 1112 2449 1152 2513; x_wconf 93' lang='lat' dir='ltr'><strong>ut</strong></span> <span class='ocrx_word' id='word_1_138' title='bbox 1176 2439 1436 2530; x_wconf 82' lang='lat' dir='ltr'><strong>ostenderemus,</strong></span> 
     </span>
     <span class='ocr_line' id='line_1_20' title="bbox 323 2543 1437 2644; baseline -0.005 -26"><span class='ocrx_word' id='word_1_139' title='bbox 323 2569 406 2644; x_wconf 87' lang='lat' dir='ltr'><strong>quae</strong></span> <span class='ocrx_word' id='word_1_140' title='bbox 432 2544 528 2616; x_wconf 86' lang='lat' dir='ltr'><strong>valde</strong></span> <span class='ocrx_word' id='word_1_141' title='bbox 554 2543 776 2641; x_wconf 87' lang='lat' dir='ltr'><strong>discrepantia</strong></span> <span class='ocrx_word' id='word_1_142' title='bbox 800 2543 1072 2640; x_wconf 85' lang='lat' dir='ltr'><strong>vehementerque</strong></span> <span class='ocrx_word' id='word_1_143' title='bbox 1096 2543 1184 2614; x_wconf 89' lang='lat' dir='ltr'><strong>inter</strong></span> <span class='ocrx_word' id='word_1_144' title='bbox 1200 2565 1237 2630; x_wconf 81' lang='lat' dir='ltr'><strong>se</strong></span> <span class='ocrx_word' id='word_1_145' title='bbox 1255 2543 1437 2638; x_wconf 82' lang='lat' dir='ltr'><strong>pugnantia</strong></span> 
     </span>
     <span class='ocr_line' id='line_1_21' title="bbox 322 2643 1435 2745; baseline -0.005 -25"><span class='ocrx_word' id='word_1_146' title='bbox 322 2649 363 2720; x_wconf 89' lang='lat' dir='ltr'><strong>de</strong></span> <span class='ocrx_word' id='word_1_147' title='bbox 384 2646 542 2745; x_wconf 82' lang='lat' dir='ltr'><strong>Apolline</strong></span> <span class='ocrx_word' id='word_1_148' title='bbox 567 2655 601 2718; x_wconf 89' lang='lat' dir='ltr'><strong>ct</strong></span> <span class='ocrx_word' id='word_1_149' title='bbox 618 2646 729 2718; x_wconf 90' lang='lat' dir='ltr'><strong>Diana</strong></span> <span class='ocrx_word' id='word_1_150' title='bbox 755 2645 938 2738; x_wconf 87' lang='lat' dir='ltr'><strong>traduntur,</strong></span> <span class='ocrx_word' id='word_1_151' title='bbox 966 2644 1109 2742; x_wconf 88' lang='lat' dir='ltr'><strong>simplici</strong></span> <span class='ocrx_word' id='word_1_152' title='bbox 1135 2643 1273 2740; x_wconf 87' lang='lat' dir='ltr'><strong>quadam</strong></span> <span class='ocrx_word' id='word_1_153' title='bbox 1299 2653 1435 2742; x_wconf 87' lang='lat' dir='ltr'><strong>etpro-</strong></span> 
     </span>
     <span class='ocr_line' id='line_1_22' title="bbox 318 2741 1528 2845; baseline -0.004 -24"><span class='ocrx_word' id='word_1_154' title='bbox 318 2749 423 2822; x_wconf 89' lang='lat' dir='ltr'><strong>babili</strong></span> <span class='ocrx_word' id='word_1_155' title='bbox 447 2749 576 2821; x_wconf 74' lang='lat' dir='ltr'><strong>rabone</strong></span> <span class='ocrx_word' id='word_1_156' title='bbox 600 2749 649 2819; x_wconf 91' lang='lat' dir='ltr'><strong>ita</strong></span> <span class='ocrx_word' id='word_1_157' title='bbox 673 2769 773 2845; x_wconf 88' lang='lat' dir='ltr'><strong>posse</strong></span> <span class='ocrx_word' id='word_1_158' title='bbox 800 2748 973 2843; x_wconf 82' lang='lat' dir='ltr'><strong>explicari,</strong></span> <span class='ocrx_word' id='word_1_159' title='bbox 1001 2755 1038 2818; x_wconf 87' lang='lat' dir='ltr'><strong>ut</strong></span> <span class='ocrx_word' id='word_1_160' title='bbox 1064 2745 1172 2818; x_wconf 91' lang='lat' dir='ltr'><strong>omnia</strong></span> <span class='ocrx_word' id='word_1_161' title='bbox 1188 2754 1279 2816; x_wconf 87' lang='lat' dir='ltr'><strong>recte</strong></span> <span class='ocrx_word' id='word_1_162' title='bbox 1293 2755 1433 2842; x_wconf 85' lang='lat' dir='ltr'><strong>apteqnc</strong></span> <span class='ocrx_word' id='word_1_163' title='bbox 1527 2741 1528 2746; x_wconf 68' lang='grc'>’</span> 
     </span>
     <span class='ocr_line' id='line_1_23' title="bbox 313 2843 1528 2948; baseline -0.006 -24"><span class='ocrx_word' id='word_1_164' title='bbox 313 2852 532 2948; x_wconf 85' lang='lat' dir='ltr'><strong>cohaereant,</strong></span> <span class='ocrx_word' id='word_1_165' title='bbox 557 2871 664 2946; x_wconf 84' lang='lat' dir='ltr'><strong>neque</strong></span> <span class='ocrx_word' id='word_1_166' title='bbox 691 2873 774 2946; x_wconf 81' lang='lat' dir='ltr'><strong>epm</strong></span> <span class='ocrx_word' id='word_1_167' title='bbox 799 2849 844 2920; x_wconf 88' lang='lat' dir='ltr'><strong>sit</strong></span> <span class='ocrx_word' id='word_1_168' title='bbox 867 2849 928 2921; x_wconf 88' lang='lat' dir='ltr'><strong>illa</strong></span> <span class='ocrx_word' id='word_1_169' title='bbox 953 2847 1124 2946; x_wconf 79' lang='lat' dir='ltr'><strong>ambiguae</strong></span> <span class='ocrx_word' id='word_1_170' title='bbox 1151 2847 1310 2919; x_wconf 88' lang='lat' dir='ltr'><strong>orationis</strong></span> <span class='ocrx_word' id='word_1_171' title='bbox 1334 2847 1434 2944; x_wconf 90' lang='lat' dir='ltr'><strong>copia</strong></span> <span class='ocrx_word' id='word_1_172' title='bbox 1527 2843 1528 2852; x_wconf 73' lang='grc'>’</span> 
     </span>
     <span class='ocr_line' id='line_1_24' title="bbox 317 2929 1432 3050; baseline -0.004 -26"><span class='ocrx_word' id='word_1_173' title='bbox 317 2929 444 3050; x_wconf 79' lang='lat' dir='ltr'><strong>illeqire</strong></span> <span class='ocrx_word' id='word_1_174' title='bbox 470 2951 711 3048; x_wconf 83' lang='lat' dir='ltr'><strong>splendentium</strong></span> <span class='ocrx_word' id='word_1_175' title='bbox 738 2948 908 3022; x_wconf 86' lang='lat' dir='ltr'><strong>uerborum</strong></span> <span class='ocrx_word' id='word_1_176' title='bbox 936 2957 1066 3040; x_wconf 85' lang='lat' dir='ltr'><strong>ornatu,</strong></span> <span class='ocrx_word' id='word_1_177' title='bbox 1093 2949 1302 3046; x_wconf 87' lang='lat' dir='ltr'><strong>quibusque</strong></span> <span class='ocrx_word' id='word_1_178' title='bbox 1328 2949 1432 3043; x_wconf 74' lang='lat' dir='ltr'><strong>magis</strong></span> 
     </span>
     <span class='ocr_line' id='line_1_25' title="bbox 318 3049 1433 3150; baseline -0.005 -24"><span class='ocrx_word' id='word_1_179' title='bbox 318 3054 397 3150; x_wconf 88' lang='lat' dir='ltr'><strong>quid</strong></span> <span class='ocrx_word' id='word_1_180' title='bbox 422 3055 592 3150; x_wconf 80' lang='lat' dir='ltr'><strong>explicare</strong></span> <span class='ocrx_word' id='word_1_181' title='bbox 618 3061 716 3149; x_wconf 88' lang='lat' dir='ltr'><strong>atquc</strong></span> <span class='ocrx_word' id='word_1_182' title='bbox 741 3051 909 3126; x_wconf 86' lang='lat' dir='ltr'><strong>illustrare</strong></span> <span class='ocrx_word' id='word_1_183' title='bbox 935 3050 1068 3126; x_wconf 87' lang='lat' dir='ltr'><strong>studeas</strong></span> <span class='ocrx_word' id='word_1_184' title='bbox 1074 3099 1088 3147; x_wconf 86' lang='lat'><strong><em>,</em></strong></span> <span class='ocrx_word' id='word_1_185' title='bbox 1122 3073 1162 3123; x_wconf 89' lang='lat' dir='ltr'><strong>ae</strong></span> <span class='ocrx_word' id='word_1_186' title='bbox 1189 3050 1294 3148; x_wconf 75' lang='lat' dir='ltr'><strong>magis</strong></span> <span class='ocrx_word' id='word_1_187' title='bbox 1318 3049 1433 3146; x_wconf 89' lang='lat' dir='ltr'><strong>impli-</strong></span> 
     </span>
    </p>

    <p class='ocr_par' dir='ltr' id='par_1_4' title="bbox 283 3155 769 3252">
     <span class='ocr_line' id='line_1_26' title="bbox 283 3155 769 3252; baseline -0.008 -24"><span class='ocrx_word' id='word_1_188' title='bbox 283 3165 285 3176; x_wconf 81' lang='grc'>’</span> <span class='ocrx_word' id='word_1_189' title='bbox 317 3164 536 3252; x_wconf 82' lang='lat' dir='ltr'><strong>celeratque</strong></span> <span class='ocrx_word' id='word_1_190' title='bbox 561 3155 769 3227; x_wconf 88' lang='lat' dir='ltr'><strong>obscuratur.</strong></span> 
     </span>
    </p>
   </div>
   <div class='ocr_carea' id='block_1_3' title="bbox 0 0 1540 5048">
    <p class='ocr_par' dir='ltr' id='par_1_5' title="bbox 0 0 1540 5048">
     <span class='ocr_line' id='line_1_27' title="bbox 0 0 1540 5048; baseline 0 1"><span class='ocrx_word' id='word_1_191' title='bbox 0 0 1540 5048; x_wconf 95' lang='lat' dir='ltr'><strong> </strong></span> 
     </span>
    </p>
   </div>
  </div>
 </body>
</html>
