3086 5050
321 302 424 413 nuru
444 349 564 412 amous
583 349 636 412 or
657 349 800 414 renem
814 349 1039 416 conomius,
1169 304 1260 416 arr.=

122 517 267 620 ρανῗῷ·
303 515 516 594 utto-aocet
549 515 1081 618 oomoeao'naou'zapmm't.
1131 517 1235 601 Atta-,-

42 676 44 682 .
122 621 318 711 heiathane
344 620 586 694 adnotationem
608 623 722 719 paullo
738 623 936 697 aliisuerhis
950 623 1107 720 seriptum
1122 621 1238 694 Bruui-
1323 625 1329 654 ¹

123 723 220 797 chion
244 724 280 795 in
304 722 416 794 lexico
442 720 634 820 Sophocleo
663 749 710 796 ex
734 721 919 799 Herodiuni
944 722 1127 798 hhroMc.
1153 721 1237 820 περὶ

123 819 311 923 διχρόνων
336 831 370 896 et
393 824 551 897 Dracone
576 823 820 898 Stratonicensi
845 835 913 899 tum
938 826 1085 916 inedito,
1119 826 1238 922 quihus

123 937 241 1026 posteo
266 934 478 998 accesserunt
501 928 636 1024 regulae
665 928 705 1000 de
730 928 888 1026 prosodia
914 951 934 1000 a
958 952 1009 999 me
1036 926 1166 1000 additae
1191 928 1238 998 li·
1283 949 1287 955 ·

124 1028 184 1102 hro
211 1028 251 1101 dn
277 1027 476 1112 emendanda
502 1030 630 1106 ratione
649 1027 802 1104 Graecae
823 1030 1072 1128 grammaticae.
1114 1029 1163 1100 ξΙο
1183 1030 1237 1102 his

124 1155 160 1228 p.
185 1133 274 1204 444.
302 1138 336 1201 et
361 1127 446 1227 apud
472 1127 659 1203 Draconem
692 1155 728 1229 p.
754 1133 817 1223 35,
846 1135 905 1207 ll.
942 1142 1039 1233 atque
1064 1132 1099 1214 in
1125 1130 1239 1203 Hero·

125 1231 214 1312 eliani
245 1233 311 1306 isto
340 1228 427 1328 ’περὶ
457 1227 643 1330 διχρόνων
674 1233 781 1324 lihro,
822 1234 878 1330 qui
910 1257 997 1306 nuno
1027 1233 1063 1305 in
1088 1231 1239 1307 (humeri

124 1333 308 1409 Anecdotis
334 1334 401 1404 voi.
420 1331 491 1407 ΙΠ.
518 1335 626 1410 editus
652 1344 716 1427 est,
743 1360 778 1433 p·
804 1335 892 1427 295,
922 1337 982 1410 13.
1008 1335 1073 1408 istu
1099 1335 1239 1408 adnota-

125 1436 174 1507 tio
201 1458 243 1506 ex
263 1458 328 1506 noo
347 1434 526 1532 eodemque
543 1436 634 1509 fonte
650 1436 767 1513 iisdem
784 1437 893 1511 ver-his
909 1436 1032 1534 scripta
1048 1445 1117 1509 est:
1146 1436 1240 1510 ἀνα-

126 1530 332 1638 λογαότερόν
348 1535 424 1608 ἐστι
441 1543 509 1610 τοῦ
526 1535 748 1620 ἐκτείνοντος
764 1535 807 1610 τὸ
826 1565 862 1626 α,
889 1533 940 1622 ὥς
953 1537 1043 1634 παρ’
1063 1533 1239 1634 Αἰσχύλῳ
1365 1591 1369 1598 ,

126 1640 172 1712 ἐν
193 1634 462 1732 Σαλαμινίοις,
496 1637 598 1736 ἐμοὶ
630 1637 817 1740 γένοιτο
851 1645 998 1736 φᾶρος
1029 1635 1136 1714 ἶσον
1168 1637 1240 1713 οὐ·

127 1745 271 1836 ρανῷ,
311 1739 382 1810 nisi
414 1739 500 1836 quod
534 1740 669 1838 regulae
711 1740 752 1813 de
785 1740 942 1838 prosodia
974 1741 1008 1813 in
1042 1741 1241 1814 contrarium
1336 1805 1344 1824 ,

73 1847 77 1856 ’
127 1839 320 1914 senteutiam
346 1837 389 1912 τὸ
414 1838 586 1918 ἐκτείνειν
609 1840 653 1916 τὸ
667 1870 714 1917 ἀ.
767 1838 967 1940 Corruptum
993 1867 1066 1914 esse
1082 1841 1241 1937 Aeschyli
1342 1885 1351 1892 -

126 1966 277 2033 uersum,
311 1943 397 2039 quod
429 1944 549 2041 tragici
581 1969 647 2016 non
679 1941 764 2018 ἴσον
796 1946 957 2041 producta
985 1944 1090 2042 prima
1116 1943 1241 2036 dicant,

126 2044 253 2116 monuit
277 2043 447 2118 Porsonus
472 2046 514 2117 ad
535 2044 651 2118 Orest.
677 2048 715 2122 9.
742 2043 836 2124 ,Sed
864 2046 1005 2119 dialecto
1033 2046 1163 2144 quidem
1188 2045 1241 2121 ius

128 2170 222 2218 suum
253 2146 398 2220 restitnit
430 2148 614 2246 scriptura,
652 2173 734 2244 quae
768 2149 805 2221 in
836 2148 922 2220 lihro
948 2145 1031 2246 περὶ
1055 2141 1243 2246 μονήρους
1348 2183 1366 2228 3

128 2245 252 2331 λέξεως
278 2257 351 2320 esta
932 2285 936 2298 =

112 2475 120 2496 ,
253 2401 288 2470 εἴ
309 2423 374 2492 μοι
398 2396 541 2499 γένοιτο
567 2405 689 2496 φᾶρος
711 2401 796 2474 ἴσον
809 2401 862 2510 ’ἐν
887 2397 1055 2498 οὐρανῷ·
1243 2382 1292 2460 15

128 2573 240 2622 verum
275 2549 469 2620 sententiam
503 2550 619 2622 horum
652 2551 844 2644 uerborum,
884 2550 949 2622 nisi
982 2547 1125 2646 repertis
1158 2570 1242 2644 qnae

50 2679 52 2684 ·
129 2652 369 2824 seqpebaptur,
404 2651 477 2748 quis
503 2651 590 2724 ausit
614 2652 662 2724 ita
688 2652 903 2725 coniectando
930 2651 1075 2748 assequi,
1102 2658 1138 2722 ut
1163 2673 1244 2746 per-

11 2773 12 2778 ’
128 2776 189 2826 sna
212 2762 283 2825 eat.

84 2963 92 2972 α
231 2876 376 2952 Videtur
400 2879 487 2952 uam
511 2902 640 2975 qnoque
665 2877 824 2975 Aeschyli
856 2879 1066 2978 tragoediam.
1085 2901 1243 2975 superare

130 2981 274 3056 voluisse
300 2977 488 3079 Sophocles
515 2979 650 3054 Teucro
677 2981 780 3074 edito,
807 2982 901 3060 onius
926 2982 992 3054 tria
1017 2987 1150 3057 exstant
1173 2979 1245 3053 ira-

129 3091 281 3181 gmeutac
316 3107 414 3154 unum
440 3083 526 3180 apud
552 3079 756 3179 Stephanum
783 3083 867 3181 Byr.
894 3087 1093 3180 Κυχρεῖος,
1127 3076 1251 3182 πόνος
1359 3147 1361 3161 .

129 3182 213 3281 περὶ
229 3187 442 3279 Σαλαμῖνα.
479 3191 677 3282 Σοφοκλῆς
695 3180 853 3282 Τεύκρῳ.
890 3183 1079 3260 Secundum
1093 3185 1128 3261 in
1145 3183 1245 3256 scho-

130 3286 187 3359 liis
213 3286 254 3356 ad
279 3285 514 3381 Aristophanis
538 3286 683 3360 Nuhium
708 3307 741 3360 r.
767 3290 856 3364 583.
884 3285 988 3385 παρὰ
1012 3285 1061 3360 τὰ
1085 3287 1125 3362 ἐκ
1154 3279 1277 3358 Teo»

129 3412 223 3485 κρου
250 3384 487 3484 Σοφοκλέους

240 3619 242 3622 ,
637 3537 801 3634 οὐρανοῦ
826 3535 864 3612 ‹i‘
895 3536 970 3612 diruo

257 3637 437 3736 ἥσῑθαψέν
462 3635 605 3738 βροντὴ
631 3637 668 3713 ‹i'
699 3635 831 3740 ε’ῥρόγη
856 3637 907 3713 δι’
937 3637 1136 3738 ἀστραπῆς.

133 3792 288 3866 Tertium
325 3790 411 3887 apud
437 3787 618 3863 Stohaenm
634 3769 805 3864 ‘cxxm
832 3795 893 3868 10.
925 3789 1122 3865 Telamonis
1146 3788 1246 3864 uerba

132 3893 248 3968 Aiacis
274 3895 398 3968 ohitum
421 3893 568 3991 lugentis
593 3894 774 3990 praehens:

239 4130 243 4134 .
487 4041 538 4127 uic
562 4043 641 4142 ἄρ’,
667 4038 699 4118 ὦ
723 4042 866 4133 τέκνον,
891 4041 1003 4141 κενὴν

178 4157 181 4166 ’
260 4139 464 4243 ἐτερπόμην
488 4153 557 4220 σοῦ
581 4143 714 4244 τέρψιν
739 4145 1008 4248 edtoyovpn‘ooo

262 4245 312 4328 oie
338 4247 492 4336 ζῶντος·
526 4246 613 4344 ἥδ’
644 4247 705 4342 ἄρ’
735 4250 777 4324 ἐν
801 4245 921 4346 σκότῳ
946 4238 1120 4324 λαθοῦσά
1144 4269 1190 4341 με

261 4349 378 4446 ἔρραν’
401 4345 545 4451 Ἐρινὺς
570 4346 724 4446 ἡδοναῖς
748 4349 989 4449 ἐψευσμένον.
