3084 5050
284 350 348 420 εει
531 345 856 412 memnones
876 315 1113 406 ιιιιιιιιισιε

239 601 241 608 ,
334 545 370 622 y.
404 512 492 599 τοὺς
522 511 566 590 δὲ
588 510 784 614 προςανέα
794 509 969 593 πίνοντας
984 503 1169 684 ἢρριίοις
1198 499 1399 604 περάπτων
1455 520 1458 533 ·

409 713 482 816 χρὴ
497 743 546 792 τα
530 703 710 790 enixam
723 711 798 814 πὰρ
813 605 1248 838 δαιμίάίίνῖίιαάίευίμεν
1270 707 1276 812 Ι
1297 673 1399 786 θνα-

941 817 1023 896 ταῖς
1048 810 1200 938 φρασίν.

338 919 405 997 δ
410 916 562 1055 αἰστέρος
592 913 774 1017 οὐρανίου
805 912 906 1015 φαμὶ
924 914 1224 1044 τηλαυγέστερον
1250 909 1259 1016 Ι
1288 907 1400 1010 κείνῳ

414 1097 612 1197 ἀθάνατοι·
627 1115 675 1194 τὰ
688 1116 759 1218 μὲν
773 1109 830 1196 ’ὦν
844 1116 889 1193 οὐ
873 1012 1144 1194 δύτίάίνςταᾘ
1099 1110 1221 1214 νήπιοι
1244 1112 1250 1218 Ι
1271 1110 1402 1214 κόσμῳ

340 1355 368 1404 ε.
407 1289 642 1424 εὐφροσύνας
661 1317 772 1420 μέρος
790 1349 829 1396 αι
817 1219 1082 1450 τρεῖςφεάΙτεάΙι
1093 1316 1303 1446 λευκωλένῳ
1326 1309 1355 1418 Ι
1360 1345 1403 1420 γε

948 1420 1043 1551 Ζρὺς
1062 1416 1206 1549 πατήρ.

416 1524 603 1654 ὑψιπεταν
626 1521 793 1622 ἀνεμων·
821 1523 989 1625 ὄλβος’
948 1551 1017 1599 ουκ
1034 1526 1071 1606 ές
1090 1519 1237 1622 μαιρρὸν
1247 1516 1405 1619 ἀνδρῶν

949 1627 1102 1726 &W

143 1859 146 1874 ‚
212 1847 217 1852 .
291 1783 342 1883 Ιο
358 1781 411 1854 his
438 1780 551 1853 decem
576 1774 744 1850 versibus
752 1803 849 1874 quum
875 1777 939 1852 due
965 1785 1036 1852 tant
1038 1803 1090 1850 um
1115 1776 1261 1871 sint,1n
1287 1775 1406 1874 quibus

292 1887 384 1958 laesa
409 1889 462 1954 est
486 1905 526 1952 ea
552 1880 694 1977 quaein
721 1879 860 1951 caeteris
887 1881 1096 1972 est'ineisie,
1123 1902 1243 1977 operae
1264 1879 1408 1976 p'retium

294 1991 347 2059 est
372 1982 527 2056 attentius
562 2005 619 2052 ees
652 2004 767 2053 versus
801 1981 1024 2053 considerare.
1084 1979 1133 2054 Et
1166 1983 1251 2053 alter
1277 1979 1409 2078 quidem

290 2109 407 2160 eorum
432 2082 590 2155 facillime
623 2081 758 2177 aequari
790 2082 931 2155 caeteris
956 2091 1069 2180 petest
1095 2083 1209 2156 ordine
1236 2083 1409 2155 verberum

294 2193 440 2262 mutate:

366 2327 586 2443 ὑψιπετᾶν
600 2329 762 2430 ἀνέμων.
799 2334 909 2436 ὄλβος
924 2333 1107 2434 ἀνδρῶν
1091 2364 1127 2421 ες
1130 2319 1288 2436 μακρὸν
1310 2332 1381 2438 Ι’
1339 2362 1410 2412 ουκ
1465 2331 1467 2338 ’

818 2497 827 2515 .,
905 2481 907 2484 v
955 2439 1107 2537 ἔρχεται.

299 2589 467 2666 Credibile
493 2595 544 2661 est
569 2595 677 2660 autem
702 2541 903 2687 traiispesite
929 2613 1004 2662 esse
1025 2590 1136 2681 verbe,
1164 2587 1251 2687 qued
1271 2595 1412 2661 metrum

299 2694 454 2767 violatum
481 2691 666 2762 videretur:
701 2689 742 2762 ob
769 2715 865 2788 quam
891 2716 1040 2764 caussam
1066 2690 1198 2789 saepius
1224 2690 1311 2788 apud
1327 2690 1413 2762 Pin·-
1472 2717 1474 2722 ’

300 2797 413 2868 darum
438 2793 603 2864 turbatum
629 2816 702 2864 esse
727 2793 874 2865 ordinem
890 2794 1064 2866 verberum
1081 2800 1222 2866 constat.
1273 2791 1328 2864 Ita
1345 2791 1414 2888 igi-

228 2973 230 2983 *
276 2901 357 2975 9555
380 2895 436 2968 hie
463 2917 574 2965 versus
601 2893 697 2964 simul
715 2901 758 2965 et
774 2894 920 2966 iustam
909 2893 1102 2966 incisionem
1119 2892 1263 2984 habehit,
1286 2902 1324 2966 et
1338 2903 1415 2966 tne-

302 2999 390 3070 bitur
413 2995 497 3066 illud
522 2991 710 3077 νωδυνίας
733 2993 925 3096 γυιαρκέος
955 2995 990 3066 iu
1015 2995 1120 3091 prime
1147 3018 1258 3066 versu.
1308 2994 1416 3068 Diffi-

304 3099 466 3172 eilierem
478 3120 514 3168 se
539 3097 676 3194 praebet
700 3096 806 3167 alter.
842 3096 901 3168 sed
926 3103 1035 3167 tamen
1059 3095 1115 3167 hie
1141 3118 1272 3222 queque
1296 3099 1414 3172 neseio

304 3223 347 3273 en
372 3198 487 3270 eedem
512 3196 622 3270 (ineat.
679 3194 779 3268 Libri
809 3197 967 3294 praebent
993 3221 1126 3270 omnes.
1158 3193 1183 3324 ίΙ
1207 3193 1326 3297 γυίοις
1350 3225 1417 3272 πε-

299 3296 472 3402 ριάπτειν
502 3295 694 3374 πάντοθεν
718 3293 911 3398 φάρμακα.
968 3298 1011 3371 In
1042 3300 1095 3372 his
1127 3293 1319 3374 πάντοθεν
1350 3301 1417 3371 ali-

307 3402 385 3502 quid
409 3403 567 3499 praesidii
591 3402 690 3473 hebet
714 3424 735 3471 a
759 3402 867 3474 verbis
895 3402 1016 3474 veteris
1041 3401 1200 3493 lexiei,
1188 3427 1214 3472 1.
1241 3425 1272 3472 e.
1277 3399 1417 3473 Zona-

305 3529 384 3596 rae,
423 3529 458 3601 p
488 3505 598 3580 1536.
632 3527 714 3598 quae
745 3502 1016 3576 Hemsterhusius
1050 3503 1091 3576 ad
1116 3502 1290 3630 ΑιίεΐορΙι.
1322 3502 1415 3576 Plut.
1472 3588 1474 3603 Ι

307 3634 349 3734 ρ.
332 3608 449 3686 ..190
477 3605 517 3678 de
542 3600 751 3700 περίαπτοις
777 3604 941 3678 disserens
959 3605 1089 3702 attigit.
1102 3609 1140 3704 e)
1166 3599 1415 3731 περιάμματα.

243 3795 245 3810 1
307 3705 354 3782 τὰ
379 3705 475 3782 κατὰ
499 3704 586 3788 τοὺς
610 3702 813 3834 τραχήλους
836 3704 990 3790 καὶτὰς
1011 3711 1137 3805 χεῖρας
1161 3704 1224 3780 καί
1239 3703 1326 3788 τοὺς
1349 3700 1418 3832 55}-

309 3809 378 3892 δας
402 3805 625 3906 βεβαμμένα
648 3803 868 3926 κλάσματα,
898 3805 1007 3883 ἅτινα
1033 3808 1072 3882 αἱ
1121 3811 1283 3891 υναῖκες
1290 3801 1417 3904 περιά-

287 3932 452 3986 πτουσι.
504 3908 645 3983 Caetera
676 3911 783 3983 minus
815 3910 909 3982 firma
941 3919 1028 3984 sunt.
1003 3835 1163 3983 teiam
1196 3935 1293 4007 quum
1319 3911 1418 3981 sehe-

310 4013 426 4085 liastes
451 4009 586 4082 haee
560 4036 609 4083 sle
634 4011 886 4108 inteqeretetur:
918 4009 1035 4108 ἢτοῖς
1050 4011 1195 4108 μέλεσιν
1212 4008 1339 4086 αὐτῶν
1355 4036 1418 4083 πε-

313 4106 480 4214 ριάπτειν
511 4109 597 4185 τινὰ
620 4109 712 4212 πρὸς
736 4109 958 4212 θεραπείαν
992 4109 1088 4186 valde
1114 4114 1244 4186 dubium
1271 4121 1418 4206 est,a11

358 4299 360 4306 ¹
409 4309 419 4320 ιι

398 4381 428 4468 ⁶)
456 4405 482 4446 v.
503 4385 579 4446 Bast.
599 4393 625 4446 et
645 4386 777 4446 Sehaeier.
797 4387 830 4446 ad
852 4387 932 4466 Greg.
954 4386 1015 4446 Cor.
1036 4409 1062 4465 p.
1083 4380 1155 4450 874.
1276 4441 1279 4448 .
