3076 5046
313 401 378 472 aaa
491 385 542 468 uu
562 402 781 484 raseomrs
801 379 1070 471 concurratur
1091 399 1240 463 cruror.
1277 350 1279 356 '

314 578 402 662 reat,
427 577 544 672 tamen·
560 569 733 668 pythaulas
759 576 793 641 ct
818 568 989 644 citharista
1013 568 1085 642 siue
1107 566 1247 664 auloedo
1269 573 1305 640 et
1318 565 1433 642 eitha-

313 671 417 748 roedo
442 672 545 770 positi
569 671 792 745 inveniuntur.
843 748 846 752 ,

416 772 538 846 Patere
571 773 735 865 arbitror,
772 793 854 869 quae
879 771 1037 844 hacteuus
1069 769 1204 861 rettudi,
1242 767 1352 842 omnia
1377 769 1431 841 sie

198 899 209 910 ·
241 877 243 880 ’
282 933 285 942 ,
313 899 390 948 esse
416 875 598 974 disputata,
624 881 674 966 ut,
705 899 769 970 quo
797 872 1025 946 ostenderetur
1048 871 1150 943 fuisse
1177 871 1317 968 aliquam
1342 871 1432 968 lyri-

314 1001 389 1050 cam
412 976 616 1072 tragoediam
642 974 927 1072 comoediamque,
960 975 1026 1045 iam
1051 980 1214 1071 sumptum
1240 973 1285 1044 sit
1308 971 1430 1044 fuisse.

314 1075 387 1152 Sed
421 1079 598 1174 pollicetur
622 1076 814 1150 Bocckhius
847 1100 883 1147 se
908 1075 1070 1148 dicturum
1104 1097 1205 1172 quara
1232 1071 1431 1174 τραγῳδὸς
1525 1093 1526 1106 ’

171 1179 173 1190 ’
301 1185 474 1268 Κπαλαιᾶς
496 1175 709 1280 τραγῳδίας
739 1203 805 1250 uou
837 1178 944 1274 possit
969 1177 1147 1273 tragoedus
1173 1199 1267 1267 esse,
1301 1177 1431 1271 quiex

308 1289 446 1354 uetusta
471 1281 582 1376 aliqua
607 1279 779 1376 tragoedia
803 1279 963 1351 cauticum
982 1286 1091 1352 canat.
1141 1277 1223 1374 Ipsa
1238 1278 1310 1349 eius
1328 1277 1432 1348 rerha

315 1406 446 1481 pouam.
496 1382 681 1472 Primores,
707 1381 825 1477 iuquit,
851 1381 893 1452 a'rs
917 1378 977 1453 lais
1001 1377 1105 1452 luda
1128 1389 1432 1452 consentaneum

313 1494 382 1558 est
407 1507 486 1556 nara
513 1484 653 1584 prisca
684 1506 766 1556 crae
798 1483 958 1556 cantica
989 1489 1172 1570 cantata,
1205 1478 1278 1553 aad
1304 1503 1455 1565 asarta:¹
1527 1565 1528 1574 q

316 1609 397 1660 mora
420 1586 522 1659 eccho
546 1585 632 1657 sola
656 1581 850 1658 mascardi
872 1608 961 1672 tm,
987 1582 1059 1656 aad
1079 1584 1219 1655 melica
1244 1582 1430 1680 composi·
1527 1581 1528 1636 f

313 1688 370 1760 tie
395 1687 438 1759 a'ra
462 1683 522 1759 aa
546 1684 648 1759 miae
672 1681 944 1784 spectatarum
969 1685 1087 1759 atoma
1105 1681 1347 1784 rhapsodiam
1370 1682 1430 1756 Ia’a

315 1785 421 1862 tuda
452 1812 532 1862 nora
563 1799 715 1860 saresta
746 1789 919 1860 recitant
951 1787 1150 1876 carmina,
1193 1783 1265 1858 aad
1291 1809 1430 1859 recena
1528 1850 1529 1874 ,

307 1888 450 1987 facta:
485 1887 723 1990 quarratam
744 1900 864 1984 poeta
885 1885 1085 1960 coadunati
1104 1896 1206 1960 θωπί.
1237 1886 1430 1958 ·Affirmari

317 1991 401 2062 haee
425 1988 586 2081 uidemus,
612 1987 672 2060 sed
696 2013 802 2084 aeque
828 1997 962 2062 auctore
988 1989 1078 2079 ullo,
1113 2011 1219 2085 neque
1244 1996 1281 2060 ut
1305 2011 1369 2085 per
1392 2011 1430 2060 se
1528 1989 1529 1996 ’

317 2113 397 2162 uera
420 2113 495 2161 esse
521 2097 691 2185 appareat.
741 2087 824 2160 Nam
852 2113 916 2185 quo
942 2089 1072 2161 modern
1097 2098 1289 2186 argumento
1315 2091 1431 2161 daca·

317 2199 373 2262 tur
396 2215 462 2262 uou
488 2189 593 2264 solam
617 2198 719 2263 artem
735 2189 885 2282 caueudi,
912 2190 970 2262 sed
990 2191 1141 2264 melicam
1158 2191 1430 2288 compositionem

317 2291 353 2364 ia
384 2290 460 2364 istis
491 2290 579 2362 ludis
611 2315 686 2364 esse
718 2285 926 2387 spectatam?
976 2289 1019 2364 Si
1050 2292 1136 2390 apud
1169 2317 1231 2366 uos
1256 2317 1339 2389 quae
1367 2317 1430 2364 ex·

318 2393 477 2466 celleutcs
502 2392 619 2466 musici
643 2400 803 2491 poetaeuo
828 2403 1093 2490 composuerunt,
1123 2419 1188 2466 uou
1213 2396 1334 2486 semel,
1369 2394 1429 2466 sed

317 2495 436 2568 iterum
461 2495 644 2591 iterumque
670 2494 845 2568 audiuntur
870 2504 904 2567 et
929 2504 1138 2593 spectantur,
1171 2520 1245 2569 uec
1258 2497 1428 2588 minuitur,

318 2597 377 2670 sed
403 2604 543 2694 augetur
566 2596 678 2694 potius
706 2597 856 2694 voluptas
888 2598 1087 2669 audientium
1119 2597 1174 2669 uel
1198 2599 1342 2694 penitius
1369 2623 1428 2670 co-

318 2698 521 2796 gnoscendo,
548 2699 603 2770 uel
619 2698 778 2771 maiorum
795 2698 957 2772 artificum
975 2699 1203 2772 dexteritatem
1219 2699 1426 2772 admirandae

263 2800 397 2898 requio
423 2800 585 2952 estquod
610 2797 697 2871 ideui
722 2825 789 2871 uou
814 2801 913 2872 etiam
938 2802 1025 2898 apud
1039 2799 1189 2874 Graecos
1208 2800 1331 2874 factum
1355 2821 1426 2874 essa
1530 2819 1531 2830 ¹

318 2901 506 2975 credamus.
565 2899 681 2996 Neque
706 2925 785 2972 uero
810 2901 914 2994 illud,
951 2907 996 2974 ut'
1012 2902 1208 3000 rhapsodus,
1236 2903 1311 2998 quia
1337 2902 1370 2974 ei
1392 2903 1427 2974 iu

319 2998 427 3074 titulis
451 3000 526 3073 istis
552 3002 721 3097 proximus
747 3010 799 3073 est
823 3012 934 3099 poeta,
960 3005 1057 3076 istius
1081 3011 1201 3102 poetae
1226 3027 1356 3077 carmen
1373 3027 1426 3076 re·

320 3101 484 3192 citaverit,
510 3109 576 3173 mm
603 3110 729 3174 certum
755 3126 828 3175 esse
854 3103 995 3196 ridetur,
1022 3128 1118 3201 quam
1143 3106 1246 3177 visum
1269 3114 1321 3178 cst
1336 3105 1426 3178 Boe·

183 3257 192 3273 .
320 3201 441 3274 ckhiot
474 3202 562 3298 quod
586 3202 663 3274 item
690 3204 812 3275 dictum
838 3205 913 3277 uolo
939 3205 981 3278 de
1007 3206 1145 3279 auloedo
1172 3215 1207 3279 et
1224 3206 1426 3280 citharoedo.

318 3301 404 3377 Nam
430 3327 528 3400 quum
553 3305 707 3378 victores
722 3306 935 3382 cemamiuum
966 3307 1000 3380 iu
1026 3309 1100 3382 istis
1126 3309 1232 3381 titulis
1256 3310 1425 3381 uomiueu·

319 3410 394 3497 tur,
430 3429 492 3502 par
515 3405 666 3503 profecto
692 3407 808 3478 mirum
834 3417 942 3502 esset,
976 3408 1006 3482 si
1037 3435 1168 3506 semper
1190 3410 1221 3481 is
1246 3419 1365 3507 poeta,
1396 3411 1425 3482 is

320 3507 493 3600 auloedus,
518 3508 549 3579 is
574 3508 783 3582 citharoedus
810 3510 915 3583 victor
940 3519 1029 3584 esset
1048 3511 1225 3602 iudicatus,
1252 3513 1345 3584 cuius
1371 3509 1425 3608 qui

320 3635 453 3684 carmen
478 3633 560 3683 uoce
589 3634 650 3682 sua
674 3617 732 3714 aut
756 3611 837 3684 tibia
861 3611 1027 3685 citharave
1052 3614 1263 3687 comitaretur
1286 3613 1425 3709 rhapso-

321 3711 395 3803 dus,
422 3711 557 3803 tibicen,
583 3711 753 3784 citharista
777 3712 891 3785 itidem
917 3714 1036 3788 uicisse
1052 3717 1255 3788 censeretur.
1307 3712 1424 3788 Gradi·

321 3812 420 3885 hilius
446 3820 498 3886 est
523 3811 697 3909 aliquando
722 3822 860 3913 poetam
886 3824 1113 3908 cantaremus,
1150 3816 1323 3914 aliquando
1349 3817 1424 3888 rha-

243 3951 246 3964 ·
320 3911 460 4009 psodum
485 3914 539 3984 uel
559 3913 725 3986 tibicinem
743 3920 800 3985 aut
816 3915 1018 3991 citharistam
1034 3921 1306 4014 praestantiorem
1324 3918 1423 3990 tuisse

322 4013 560 4110 uictoriamque
585 4037 658 4086 csse
684 4012 849 4110 adeptum,
876 4040 972 4111 quum
990 4020 1095 4092 minua
1116 4013 1311 4118 probaretur
1328 4027 1424 4117 poeta

322 4120 490 4188 cautorue.
547 4112 624 4186 Nou
648 4116 767 4187 ¹valent
797 4114 880 4189 haec
905 4119 1034 4215 quidem
1060 4145 1120 4213 eo,
1155 4129 1204 4192 ut¹
1224 4121 1324 4194 etiam
1347 4130 1423 4192 uota

175 4273 179 4284 ,
322 4222 357 4289 et
380 4213 446 4286 iam
469 4212 562 4313 ptius
586 4214 698 4286 audita
714 4215 858 4288 canna
876 4217 911 4291 iu
928 4230 1093 4295 certamen
1109 4222 1210 4294 adlata
1225 4246 1299 4296 esse
1315 4229 1423 4295 osteu-

322 4317 420 4409 daut,
454 4313 513 4390 ned
537 4323 646 4389 tauma
670 4322 708 4389 ut
731 4326 913 4394 monstrant
937 4331 1008 4396 arte
1033 4346 1073 4395 ae
1098 4322 1295 4398 dexteritate
1321 4321 1423 4397 artifi-

180 4527 189 4536 ἢ
322 4444 396 4493 cum
422 4421 474 4492 vel
498 4418 639 4494 maxime
664 4441 738 4493 esse
766 4429 939 4496 certaturn.
987 4423 1107 4522 ¹Pergit
1132 4425 1342 4499 Boeekhiuse
1374 4427 1421 4498 la·
