3076 5046
506 393 565 458 uu
594 395 822 461 nunnuru
1015 361 1019 368 ¹
1155 397 1220 472 sti

53 549 62 654 j
110 568 216 637 nrm
249 557 379 660 opus
405 561 451 637 sc
480 560 527 636 ι.
555 528 693 638 som
723 529 891 656 samm,
926 563 1033 638 ιιι...
1057 562 1218 664 neom,

108 687 193 762 queo
217 663 438 744 tautummodo
464 665 591 738 caelum
616 667 648 738 ui
673 667 861 764 impositum
875 666 991 758 tradit,
1017 669 1123 742 altera
1138 672 1220 746 illo·

108 789 200 857 rum,
234 765 290 862 qui
315 789 389 838 cunr
413 767 512 838 simul
545 777 579 840 et
598 769 730 841 eaelum
756 778 790 842 et
814 778 935 840 terrain
962 793 1094 846 versare
1121 772 1219 846 dixe·
1301 795 1303 802 ’
1364 793 1370 800 ·

108 877 202 960 rust,
236 867 407 940 Hesiodea
430 867 491 940 illu
515 869 686 966 aptissima
718 879 753 943 et
777 871 1039 944 commodissime
1063 873 1218 971 imagini·
1245 945 1248 958 ,

108 967 166 1042 lus
192 977 257 1041 est.
308 967 432 1042 Talem·
454 970 558 1066 igitur
582 972 745 1044 cernimus
758 972 925 1044 Atlantem
947 971 1007 1043 illa
1024 973 1058 1046 in
1073 976 1216 1071 pictura,

104 1093 202 1166 qoam
226 1070 260 1142 io
287 1093 364 1142 vase
397 1072 531 1175 antiquo
560 1082 724 1170 repertam
751 1071 854 1146 edidit
878 1073 1083 1167 Roolrettus,
1118 1079 1217 1174 plane

105 1172 175 1263 sic,
207 1180 245 1243 ut
277 1197 350 1244 euru
376 1171 554 1272 descripsit
577 1173 767 1266 Hesiodus,
803 1183 943 1248 stantem
976 1185 1009 1248 et
1042 1178 1150 1276 capite
1177 1204 1217 1254 ac

105 1273 252 1346 nmium
291 1273 434 1370 globum·
460 1277 626 1348 stellatum
661 1277 897 1350 sustinentem·
912 1277 945 1374 ⁶)
1007 1277 1217 1377 Videturque

39 1396 43 1405 ‘
104 1372 218 1448 eadem
243 1375 354 1472 specie
379 1375 481 1448 luisse
494 1375 673 1477 *Olympiae
698 1379 733 1450 iu
756 1379 911 1452 thesauro
930 1377 1216 1476 Epidamniorurn,
1252 1369 1261 1402 ’

55 1473 62 1490 ’
104 1473 243 1572 dequo
270 1477 406 1572 scripsit
428 1476 611 1554 Pausanias
636 1478 705 1552 vi.
733 1482 794 1571 lll,
821 1484 858 1554 8.
894 1479 975 1572 ἔχει’
990 1476 1106 1556 πόλιν
1131 1484 1216 1559 ἀνε-

99 1571 263 1670 χόμενον
278 1574 350 1652 ὑπὸ
367 1575 573 1661 Ἄτλαντος.
624 1577 832 1658 Scholiastes
850 1577 1023 1678 Euripidis
1038 1584 1079 1656 ud
1097 1583 1215 1665 Orest.

101 1679 192 1754 970.
218 1703 316 1774 quum
342 1677 537 1777 scripsitoi
561 1677 632 1805 priv
656 1679 802 1775 ἱστορία
826 1679 918 1781 λέγει
939 1678 1006 1756 τὸν
1023 1680 1216 1762 Τάνταλον

90 1777 391 1878 ,ἀναπταμένας
417 1779 525 1878 χερσὶ
554 1807 679 1880 φερειν
711 1780 780 1856 τὸν
812 1777 991 1878 οὐρανόν·
1027 1791 1100 1866 νῦν
1126 1784 1214 1860 did
1281 1799 1294 1859 ἵ
1367 1809 1369 1818 ’
1481 1855 1483 1862 .

99 1877 305 1978 Εὐριπίδης
334 1879 440 1966 ἰδίαις
469 1882 537 1957 τὸν
574 1880 679 1980 ἥλιον
710 1885 941 1980 ἐπηρτῆσθαι
972 1881 1065 1986 λέγει
1096 1887 1215 1986 αὐτῷ.
1355 1957 1358 1966 ,

100 1978 286 2080 διάπυρον
310 1982 402 2058 ὄντα
425 1978 592 2078 μύδρον,
625 1986 738 2058 nescio
771 2010 813 2068 an
847 2009 907 2058 suo
934 1985 1074 2082 quodam
1100 2014 1215 2064 errore

44 2114 54 2130 ·
99 2083 267 2162 Atlantem
293 2109 367 2158 eum
393 2083 540 2158 Tantalo
566 2085 764 2160 confuderit.
823 2085 950 2160 Sanum
977 2084 1124 2164 Tantalo
1149 2091 1214 2163 iro·

99 2177 246 2283 pendens
277 2186 411 2284 plurimi
436 2188 616 2285 scriptores
642 2197 881 2280 memorarunt,
917 2189 1054 2265 indicati
1079 2216 1100 2269 a
1123 2191 1214 2266 Por·

100 2311 182 2362 sano
208 2285 250 2360 ad
277 2286 393 2386 Orest.
419 2292 474 2376 5„
499 2290 625 2360 eaelum
651 2285 759 2362 autem
785 2291 825 2362 ab
852 2314 892 2362 eo
919 2293 1074 2364 sustiueri
1100 2295 1213 2369 nullus
1318 2311 1329 2322 ·

100 2387 199 2462 dixit.
250 2387 395 2462 Credere
423 2388 573 2461 uidentur
597 2387 789 2462 leckerus
816 2399 850 2463 et
875 2389 1082 2484 Creuzerus,
1116 2419 1212 2491 quem
1345 2440 1350 2450 ·

99 2513 132 2569 ι.
165 2491 200 2564 in
234 2491 333 2565 tertia
366 2490 510 2574 editione
536 2481 743 2582 Symbolices'
776 2485 859 2563 iaso.
888 2495 923 2564 1.
956 2517 991 2587 p.
1018 2494 1056 2566 9.
1116 2495 1212 2570 Nihil

97 2591 132 2666 in
164 2593 226 2664 illa
261 2615 356 2688 quum
387 2589 556 2665 Hesiodus
590 2589 767 2686 descripsit
791 2591 938 2662 Atlantis
970 2592 1112 2689 imagine
1146 2607 1218 2690 est,

16 2767 18 2778 ,
97 2693 187 2790 quod
213 2691 355 2788 exprimi
380 2715 446 2764 uon
472 2690 635 2788 potuerit3
661 2691 757 2784 nihil,
785 2691 871 2788 quod
896 2690 1019 2765 rationi
1035 2705 1211 2792 repugnet.
1251 2740 1256 2746 -

96 2793 186 2886 Quid
213 2817 291 2866 uero
319 2792 485 2884 dicamus,
521 2791 551 2866 si
584 2793 708 2865 coelom
742 2791 840 2866 simul
874 2817 948 2868 omn
980 2803 1070 2882 terra
1094 2795 1238 2874 teneus‘

96 2887 271 2994 fingendus
297 2893 341 2966 sit
365 2887 490 2967 Atlas?
540 2891 625 2992 Nam
650 2894 706 2966 uti
731 2894 851 2986 stabit,
878 2895 907 2966 si
932 2903 1068 2989 terrem,
1092 2899 1129 2973 io
1146 2887 1210 2996 qua

97 2985 187 3072 stare
214 2995 364 3088 delebat,
390 2997 462 3094 ipse
488 2996 642 3087 sustinet,
669 3004 746 3088 aut,
770 2995 800 3071 si
825 3004 893 3071 stat
916 2997 951 3070 iu
978 3005 1088 3092 terra,
1124 3025 1210 3098 quo·

96 3099 195 3172 modo
210 3098 373 3173 sustinere
391 3098 514 3196 poterit
529 3098 577 3190 id,
605 3122 669 3195 quo
687 3099 867 3172 sustinetur
883 3091 985 3196 ipse?
1033 3099 1083 3175 Et
1099 3109 1210 3179 tameo

96 3200 129 3274 iu
164 3199 287 3296 templo
319 3197 412 3295 Iovis
438 3190 586 3296 Olympii
619 3201 768 3297 picturae
793 3199 940 3274 Ponueui
973 3201 1126 3296 luerunt,
1139 3253 1149 3270 ι.
1166 3205 1208 3278 de

98 3303 215 3398 quibus
240 3299 422 3374 Pausanias
449 3300 497 3372 V.
525 3305 585 3391 11,
611 3304 649 3374 5.
676 3303 726 3374 sic
750 3310 909 3376 testatur:
943 3302 985 3376 ἐν
1009 3301 1051 3378 ‹le'
1077 3303 1208 3396 aducis
1291 3395 1296 3404 ¹

97 3399 457 3497 sesemetipsum
480 3399 544 3474 καὶ
567 3407 640 3502 γῆν
656 3401 785 3484 Ἄτλας
809 3403 969 3498 ἀνέχων·
1005 3405 1211 3503 παρέστηκε.
1308 3471 1320 3482 .

96 3502 137 3578 δὲ
162 3499 228 3582 καὶ
247 3500 427 3600 Ἡρακλῆς
451 3499 672 3584 ἐκδέξασθαι
696 3501 740 3576 τὸ
756 3503 876 3597 ἄχθος
891 3503 1035 3582 ἐθέλων
1051 3507 1207 3583 ’Ἀτλαν-

181 3755 212 3842 θ)
241 3749 364 3818 Similiter
384 3764 412 3818 iu
426 3759 542 3816 Passerii
562 3761 669 3836 picturis
680 3758 799 3817 Etruscis
820 3761 871 3818 vol.
883 3757 932 3818 111.
954 3762 1040 3820 talula
1055 3760 1206 3825 sexum.

97 3845 236 3904 Herculem
262 3843 340 3904 labat
364 3847 526 3920 recipientem
555 3845 618 3902 caeli
641 3845 759 3917 globum,
789 3847 817 3902 iu
838 3865 889 3920 quo
910 3846 971 3904 luna
993 3855 1019 3904 et
1039 3849 1132 3906 stellas
1152 3871 1212 3908 eorm

97 3938 200 4000 nonme,
221 3929 338 3991 adstante
358 3949 412 3987 una
426 3927 609 4004 Hesperidum.
641 3927 702 3988 Vid.
725 3933 800 3988 etitru
817 3929 977 3988 Hanmrvill.
994 3929 1082 4010 Antiq.
1098 3930 1205 3994 Etruse.

98 4022 145 4074 etc.
167 4014 202 4078 T.
223 4015 272 4074 ΙΙΙ.
293 4017 345 4073 tab.
366 4011 417 4072 68.
437 4071 441 4077 ,
459 4013 491 4072 Ιιι
511 4013 599 4072 Musei
619 4013 757 4080 Borbouici
778 4021 861 4072 autem
882 4015 934 4072 vol.
955 4015 990 4074 V.
1012 4018 1062 4076 tab.
1085 4013 1135 4078 52.
1157 4017 1205 4081 At·

98 4099 146 4182 las(
159 4103 270 4160 tenuitur
290 4105 372 4178 eapite
399 4097 501 4180 quidem
528 4107 553 4156 et
578 4094 693 4156 humeris
721 4119 752 4157 ac
778 4101 895 4158 manibus
916 4101 980 4159 caeli
1001 4103 1105 4181 globum
1127 4108 1203 4162 sueti·
1325 4141 1330 4156 ‚

99 4201 175 4254 neus,
204 4181 251 4240 sed
270 4181 385 4243 dextrum
407 4203 476 4260 genu
498 4201 562 4240 saxo
584 4185 726 4254 subnixus,
755 4188 830 4261 quasi
856 4203 884 4242 se
911 4189 1009 4266 erigere
1029 4188 1129 4246 voleus.
1171 4188 1203 4245 In

98 4286 167 4338 vase,
188 4265 257 4344 quod
276 4267 309 4328 Ε.
321 4267 470 4326 Gerhsrdus
484 4260 603 4327 'Berolrm
616 4265 707 4327 1838.
729 4268 878 4348 descripsit,
891 4269 968 4329 Atlas
989 4275 1073 4348 pietus
1090 4279 1130 4328 est
1149 4291 1202 4328 ess·

98 4351 153 4409 loru
171 4353 312 4424 stellatum,
325 4357 405 4428 sapite
427 4353 453 4410 et
474 4356 589 4412 manibus
611 4357 751 4424 sustinens,
772 4357 843 4414 nullo
859 4361 916 4432 ipse
935 4361 962 4414 in
980 4357 1036 4412 solo
1053 4365 1134 4425 stans,
1155 4353 1201 4412 sed
1298 4427 1306 4438 „

98 4435 178 4494 veluti
198 4441 226 4494 iu
247 4455 305 4494 aere
325 4437 447 4514 pendens.
532 4441 542 4452 “
978 4465 980 4470 ’
1045 4437 1049 4444 ’

139 4529 254 4600 Hercu.
273 4531 331 4599 Or.
351 4531 421 4602 v11.
481 4601 488 4606 ,
969 4531 1000 4598 R
1049 4523 1053 4532 ’
1127 4557 1131 4566 ’
