3070 5048
468 297 520 376 DE
541 295 740 358 AESCHYLI
748 296 945 360 nnrNAcrs.
1040 317 1045 336 ¹
1198 298 1263 368 ³25

114 539 118 544 ,
151 427 533 582 moduqaasnendi,'s1
546 427 674 538 Palici
698 463 776 556 isti,
809 489 891 561 quos
923 489 966 536 ox
998 469 1094 539 ntero
1119 463 1263 540 Thaliae

149 545 266 640 ιιιιιοι
286 589 359 636 asse
385 563 425 639 ab
452 565 594 661 antiquis
619 557 784 662 proditum
807 576 871 659 est,
897 565 1045 640 manibus
1067 569 1181 640 matris
1197 567 1262 639 lin·

151 675 285 762 guntur.
336 665 385 738 Et
416 691 458 738 ne
492 667 705 762 estquidam
729 669 853 740 bocru
878 669 1019 766 pict.ura
1046 665 1155 742 Nam
1154 693 1292 766 por·

150 769 252 840 rectis
284 767 504 863 expansisque
538 751 651 864 digitis
692 769 766 867 quis
798 769 925 870 fingere
950 767 1084 887 'aliquid
1122 752 1262 867 potest?
1313 825 1316 836 .

149 865 330 940 Enimuero
356 867 559 942 Welckerus
584 869 683 942 boc
672 896 745 968 lpse
770 871 986 968 excogitavit,
1013 872 1166 966 quoniam
1183 897 1260 945 casu

149 969 216 1042 ima
239 994 317 1067 pars
342 970 458 1088 pedis,
491 970 577 1067 quod
604 979 679 1043 ante
706 997 777 1056 eam
801 997 915 1050 manus
941 972 1087 1044 mulieris
1112 973 1261 1046 obiectae

150 1080 245 1162 sunt,
272 1073 363 1144 cerni
388 1097 454 1144 non
478 1081 602 1170 potest.
653 1071 744 1147 Ilico
768 1075 901 1169 longius
925 1074 1156 1171 progreditur,
1191 1100 1262 1145 am-

149 1173 282 1268 biguum
309 1197 382 1261 asse
409 1174 541 1266 diceas,
573 1185 682 1249 utrum
707 1176 763 1248 hid
786 1175 923 1249 Palicus
948 1176 1134 1272 impositam
1150 1173 1262 1272 'capiti

147 1275 263 1346 matris
287 1276 406 1347 molem
432 1277 543 1348 mallei
567 1277 601 1350 in
627 1278 795 1353 humerum
822 1302 935 1369 suum,
961 1285 999 1350 ut
1023 1279 1120 1370 alter,
1147 1278 1261 1350 subla-

146 1383 241 1462 turus
268 1385 365 1472 atque
390 1377 438 1448 ita
464 1378 609 1452 abitnms
636 1381 700 1471 sit,
727 1404 769 1451 an
794 1379 959 1476 percutiat
984 1403 1023 1450 ac
1048 1378 1164 1452 tundat
1189 1403 1260 1450 ma-

84 1502 87 1506 ·
146 1485 231 1549 trem
255 1477 394 1550 malleo·
433 1477 499 1550 boo
524 1479 652 1574 quidem
687 1479 717 1552 si
750 1480 869 1570 laciat,
910 1480 1049 1552 alterum
1076 1481 1260 1598 potandum

146 1601 221 1652 esse
248 1579 315 1650 et
305 1605 413 1675 rpsum
438 1581 627 1698 percussuri
651 1581 797 1676 speciem
818 1580 988 1676 praebere.
1038 1580 1163 1654 Athoc
1185 1583 1259 1698 qoi-

146 1677 220 1750 dem
246 1680 365 1776 quiuis,
393 1681 448 1776 qui
472 1682 635 1778 picturam
660 1682 835 1778 adspiciat,
862 1681 1080 1754 certissimum
1107 1707 1180 1754 esse
1207 1683 1259 1753 vi-

145 1779 223 1853 deat
247 1805 383 1856 necesse
410 1790 479 1874 ast,
519 1782 613 1854 feriri
637 1784 826 1873 mulierem,
868 1782 974 1878 quod,
1011 1782 1110 1854 sicuti
1134 1783 1257 1880 prioris

143 1882 325 1954 malleus
314 1907 378 1956 ram
411 1833 595 1956 incubuit
584 1908 619 1967 ιιι
646 1897 745 1982 caput
768 1883 936 1976 mulieris,
979 1892 1014 1956 ιιι
1040 1906 1125 1956 nunc
1151 1884 1279 1956 denuo

143 1984 310 2056 tollendus
336 1986 392 2075 sit,
418 1985 467 2057 ita
492 1987 578 2058 alter
602 1985 729 2058 iuvenis
757 1994 869 2082 aperte
895 1994 932 2058 ut
956 1999 1172 2083 percussurus
1199 2011 1257 2057 su·

143 2085 238 2158 stulit
261 2087 427 2161 malleum.
477 2085 587 2160 Alfert
612 2111 690 2166 uero
710 2085 914 2170 Welckerus
940 2088 1038 2158 ctiam
1064 2088 1166 2159 multo
1193 2089 1257 2159 ιιι-

68 2251 81 2283 ,·
141 2187 320 2259 rabiliora:
361 2180 468 2286 ipsum
501 2213 620 2261 nomen
651 2187 843 2263 Palicorum
877 2190 1016 2261 malleos
1054 2188 1255 2285 significare,

142 2289 228 2384 quod
256 2313 355 2386 saepe
382 2289 446 2362 duo
472 2289 713 2361 fabriferrarii
739 2269 876 2362 alternis
901 2290 1021 2362 ictibus
1047 2289 1169 2362 ferrum
1195 2315 1255 2362 cu·-
1236 2289 1303 2361 -11

141 2389 232 2462 dant.
284 2388 355 2462 Sed
381 2391 445 2461 boo
469 2391 644 2485 praeteriri
670 2391 774 2462 satius
801 2399 864 2462 est.
880 2389 1064 2461 Videamus
1089 2392 1184 2507 qpale
1211 2392 1256 2463 sit

139 2491 237 2582 illud,
265 2491 350 2588 qood
378 2491 418 2562 de
435 2490 654 2617 Nicoplrontis
681 2492 799 2563 comior
789 2491 929 2562 fabola
948 2490 1040 2580 dicit,
1068 2492 1122 2561 cui
1136 2516 1267 2564 nomen

138 2592 162 2664 ι
163 2603 261 2664 notum
288 2600 359 2667 erat
383 2586 694 2690 Χιιροιασιόρων
718 2590 842 2691 γέννα.
894 2589 941 2661 Ili
963 2586 1272 2691 χειροιάσιορις,

137 2694 259 2790 inquit,
286 2717 351 2766 non
376 2701 516 2790 possunt
541 2693 597 2762 alii
621 2717 695 2764 esse
714 2715 808 2788 qoam
825 2690 946 2762 Palici.
997 2685 1254 2788 Νοιιιιιιιιιιιι.ρ

136 2792 243 2886 Nam,
270 2795 414 2892 inquit,
421 2794 503 2865 nilril
530 2794 705 2891 quidquam
731 2801 860 2866 constat
886 2793 927 2864 dc
951 2791 1037 2864 L
989 2793 1070 2888 yonis
1096 2789 1255 2890 Cyclopi-

138 2897 213 2986 bus,
241 2921 345 3014 eoque
372 2921 412 2970 ne
440 2897 481 2968 de
508 2921 619 2968 eorum
646 2905 721 2969 ortu
747 2897 889 2993 quidem.
941 2819 1074 2966 Vereor
1098 2919 1140 2966 ne
1166 2895 1253 2967 baud

136 2997 236 3072 facile
261 2999 465 3089 inveniatur,
494 2999 550 3096 qui
576 2985 682 3095 qualis
708 2998 790 3070 baec
815 2995 1024 3068 ratiocinatio
1051 2997 1096 3068 sit
1120 2997 1253 3093 perspi-

136 3099 220 3180 ciat.
267 3098 338 3174 Sed
364 3101 522 3198 aperiam.
573 3099 894 3186 Coarmamorarerat
919 3098 1117 3188 mentionem
1138 3122 1252 3170 arces-

136 3201 275 3275 sitornm
301 3227 344 3274 ex
368 3201 478 3296 Lycia
503 3201 530 3274 C
534 3204 683 3298 pelopum
709 3203 794 3298 apud
821 3199 1034 3291 Strabonem,
1060 3199 1116 3296 qui
1142 3199 1231 3270 da”
1207 3225 1251 3272 ns

135 3287 244 3372 VIII.
270 3327 305 3399 p
333 3305 420 3376 373.
447 3304 580 3375 scribit:
615 3300 679 3382 οὓς
704 3300 795 3374 ἑπτὰ
820 3299 891 3400 μὲν
916 3297 1029 3390 εἶναι,
1054 3303 1250 3373 καλεῖσθαι

134 3399 177 3478 ιιι
208 3398 516 3521 perpopulatoque,
547 3399 819 3528 τρεφομένους
828 3404 875 3476 ἐκ
898 3407 962 3496 τῆς
993 3399 1129 3497 τέχνης.
1188 3399 1250 3476 Sia

134 3531 216 3602 crgo
244 3515 295 3576 est
320 3506 553 3576 ratiocinatus:
583 3499 862 3603 χειρογοίιιιορες
886 3510 962 3573 sunt
987 3502 1072 3574 fabri
1096 3503 1246 3575 ferrariis

132 3608 170 3680 ιι
196 3615 252 3678 ιιι
276 3595 375 3701 Lycii
402 3607 453 3676 illi
480 3603 642 3702 Cyclopes
669 3613 764 3705 sont,
800 3613 857 3678 aut
889 3603 1017 3700 quidam
1051 3591 1127 3674 alii:
1160 3628 1247 3678 nuno

5 3755 9 3765 «
134 3709 175 3782 dc
201 3708 381 3804 Lyciorum
410 3706 591 3804 Cyclopum
624 3707 752 3802 origine
784 3705 868 3778 nilril
893 3713 1043 3778 constat.
1076 3729 1156 3801 ergo
1182 3703 1247 3779 Ni·

134 3812 309 3929 copbontis
326 3805 637 3909 Χειροιαστόιιαιν
661 3806 776 3908 γέννα
801 3833 868 3880 non
892 3807 1036 3904 pertinet
1060 3807 1101 3877 ad
1122 3805 1169 3902 cy
1173 3810 1246 3880 clo·

133 3936 200 4008 pes
219 3911 304 3984 L
256 3937 365 4008 penos,
402 3913 459 3984 sed
487 3911 528 3982 ad
554 3912 639 3982 alios
664 3910 775 3981 fabros
800 3909 976 3982 ferrarios·
1014 3909 1140 4005 atqui
1129 3935 1164 3980 nn
1188 3911 1244 4006 pi-

134 4022 228 4086 ctura
256 3940 318 4086 illa
352 4021 443 4086 ortus
473 4013 637 4084 labrorum
664 4011 896 4102 ferrariorum,
933 4011 988 4106 qui
1013 4009 1121 4084 Palici
1154 4019 1241 4102 suut,

132 4125 397 4210 repraesentatus
423 4124 493 4188 est:
526 4139 607 4210 crgo
631 4115 667 4186 hi
691 4121 768 4188 sunt
792 4111 1010 4211 Nicoplrontis
1035 4113 1100 4184 illi.
1150 4110 1242 4183 Lar-

133 4216 261 4312 giamur
285 4219 457 4314 tantisper,
485 4215 572 4313 quod
597 4217 727 4287 minime
754 4215 891 4288 concedi
915 4221 1045 4312 potest,
1063 4207 1241 4330 χειροιιι-

133 4337 268 4418 oroque
299 4341 372 4391 esse
404 4319 516 4392 fabros
547 4317 725 4392 lemariosa
765 4317 871 4390 uel
843 4341 894 4390 sno
918 4313 1107 4413 apparebit,
1143 4337 1237 4409 quaro
1295 4329 1301 4334 “
