3070 5048
434 429 438 438 ·
513 399 606 463 nans
626 382 842 464 rosunmon.
1167 395 1228 468 ool

144 555 148 564 ¹
222 565 351 650 κίλσας
374 563 432 641 ἐπ’
462 563 577 651 decdo
599 562 813 666 ναυπόρους
833 563 902 651 τὰς
925 561 1137 657 Παλλάδος,

222 663 393 764 όςτήνδε
417 672 532 770 μαῖαν
554 663 648 766 ἦλθε
674 671 905 765 Παρνησσοῦ
929 669 974 742 θ’
1003 666 1123 766 λ’δρας.
1281 691 1284 700 “

221 769 405 867 πέμπουσι
431 767 467 844 δ’
498 769 615 846 αὐτὸν
636 769 701 846 καὶ
726 769 938 868 σεβίζουσιν
961 769 1058 873 μέγα
1181 805 1184 812 ⁴

220 867 475 946 κελευθοποιοὶ
500 869 629 956 παῖδες
647 871 867 970 Ἡφαίστου,
888 867 1018 968 χθόνα

222 969 410 1070 άνήμερον
427 971 871 1071 ’τιθέττεςὴμερωμένηα

220 1069 446 1172 μολόνταδ
476 1075 594 1150 αὐτὸν
616 1072 738 1172 κάρτα
762 1077 939 1173 τιμαλφεῖ
960 1068 1061 1162 λαός,
1232 1068 1272 1146 5‘

221 1171 366 1273 Δελφός
389 1201 428 1248 τε
448 1173 576 1276 χώρας
597 1175 705 1274 τῆςδε
728 1173 942 1275 πρυμνήτης
966 1176 1075 1260 ἄναξ.

220 1275 349 1372 τέχνης
373 1273 419 1350 δέ
434 1285 500 1353 ’νίν
524 1275 620 1362 Ζεὺς
643 1279 778 1354 ἔνθεον
800 1276 930 1361 κτίσας
953 1276 1073 1376 φρένα

81 1379 83 1382 ’
219 1375 289 1471 ἵζει
311 1375 489 1475 τέταρτον
511 1376 621 1455 τόνδε
644 1375 783 1476 μάντιν
807 1383 849 1455 ἐν
872 1375 1045 1478 θρόνοις·

137 1533 145 1542 -
221 1477 311 1563 Διὸς
334 1475 524 1578 προφήτης
551 1479 589 1554 d'
618 1481 695 1555 ἐστὶ
719 1479 859 1565 Λοξίας
882 1476 1031 1579 πατρός.

197 1611 330 1688 Similia
354 1613 490 1688 tradidit
514 1614 698 1688 Pausanias
723 1615 775 1688 X.
801 1615 846 1706 5,
880 1615 918 1690 5.
955 1611 1050 1713 poci
1079 1610 1153 1714 yolo
1185 1611 1234 1688 τὰ

121 1710 349 1809 ἀρχαιότατα
364 1719 440 1810 Γῆς
464 1713 559 1790 εἶναι
582 1712 626 1788 τὸ
647 1711 873 1841 χρφστήριον
896 1713 958 1792 καὶ
972 1713 1152 1812 Δαφνίδα
1173 1711 1229 1788 ἐπ’

121 1817 225 1914 αὐτῷ
250 1810 432 1910 τετάχθαι
456 1812 666 1913 πρόμαντιν
690 1815 764 1892 υπὸ
788 1824 853 1914 τῆς
869 1819 961 1914 Γῆς·
988 1813 1082 1891 εἶναι
1106 1812 1149 1891 δὲ
1166 1813 1236 1889 αὐ-
1345 1837 1349 1842 ’

82 1975 83 1986 ,
119 1915 191 2014 τὴν
214 1923 292 1994 τῶν
316 1915 399 2015 περὶ
423 1915 466 1991 τὸ
492 1917 578 2012 ὄρος
601 1925 777 2018 νυμφῶν.
827 1916 885 1991 Ex
913 1943 977 2016 qno
1002 1919 1162 1990 mansisse
1182 1915 1236 1988 ni·
1285 1927 1287 1938 '

88 2099 90 2112 .
120 2019 237 2112 detur,
274 2027 318 2104 ut,
340 2019 460 2118 femina
492 2019 606 2092 ederet
632 2023 778 2094 oracula.
835 2019 885 2094 Et
910 2023 953 2120 θ.
980 2022 1017 2096 6.
1039 2013 1167 2117 χρόνῳ
1193 2011 1235 2091 δέ

119 2119 289 2218 ὕστερον,
316 2117 406 2196 ὅσον
430 2125 486 2218 Γῇ
511 2127 627 2218 μετῆν
652 2122 742 2210 lnam
761 2146 833 2196 cum
849 2120 960 2194 Terra
977 2129 1146 2194 commune
1161 2117 1236 2191 fue-
1339 2135 1345 2158 s

119 2231 174 2295 rat
197 2222 352 2320 Neptuno
379 2223 564 2321 oraculum)
597 2219 761 2319 δοθῆναι
789 2219 919 2319 Θέμιδι
944 2219 1009 2296 ὑπ’
1041 2221 1154 2318 αὐτῆς
1178 2218 1237 2294 λέ·
1329 2275 1335 2280 -

119 2346 274 2498 ponaer,
302 2319 515 2398 Ἀπόλλωνα
547 2319 716 2418 δὲπαρά
744 2322 898 2418 Θέμιδος
921 2323 1052 2418 λαβεῖν
1076 2317 1234 2419 δωρεάν.

140 2434 216 2507 nter
241 2423 437 2496 Themidem
462 2432 497 2495 et
520 2425 710 2520 Apollinem
736 2425 921 2519 Aeschylus
946 2421 1104 2496 Phoeben
1129 2425 1236 2495 iuter·
1391 2477 1396 2486 .

119 2527 246 2626 posuit,
266 2533 310 2597 ut
334 2531 521 2621 appareret,
548 2525 604 2619 qui
628 2524 814 2620 Apollo'in
839 2524 1083 2620 possessionem
1108 2525 1235 2595 oraculi
1306 2583 1307 2588 ,
1429 2567 1433 2574 -

120 2629 293 2701 uenisset=
327 2627 383 2722 qui
408 2634 607 2718 tamennon
633 2648 676 2696 ex
696 2623 846 2715 Phoebe,
873 2633 910 2699 nt
925 2623 1091 2718 Aeschylo
1109 2622 1237 2696 Hesio·

121 2726 200 2801 dum
225 2734 363 2823 sequuto
389 2725 527 2823 placuit,
554 2725 595 2798 de
620 2750 685 2823 quo
711 2748 744 2798 u.
762 2723 899 2823 0pnso.‚
919 2725 984 2800 uol.
1002 2721 1070 2796 vl.
1096 2748 1133 2821 p.
1148 2725 1237 2800 267.
1314 2789 1316 2799 .

122 2837 159 2902 et
180 2825 330 2901 Grameri
342 2825 471 2900 Anecd.
497 2825 530 2898 Ι.
555 2851 591 2925 p.
616 2830 705 2919 428,
732 2830 794 2904 26.
821 2825 881 2900 sed
907 2825 995 2923 quod
1014 2826 1237 2923 priscosoru·
1372 2865 1376 2870 ·

122 2931 192 3006 culi
216 2929 403 3028 praesides.
411 2928 571 3026 fugasset,
595 2926 752 3002 Phoebus
778 2936 829 3001 est
845 2928 1043 3026 appellatus.
1095 2925 1237 2999 Themis

123 3032 275 3130 quidem,
302 3055 396 3127 quam
421 3031 456 3102 in
480 3028 680 3105 Prometheo
704 3031 890 3126 Aeschylus
917 3053 949 3102 u.
976 3030 1063 3104 209.
1090 3034 1237 3103 πολλῶν
1278 3099 1282 3106 ,

117 3129 323 3230 ,ὀνομάτων
347 3130 497 3230 μορφὴν
522 3130 616 3227 μίαν
646 3132 792 3206 eamdem
824 3157 897 3208 cum
925 3131 1036 3203 Terra
1069 3147 1142 3202 esse
1175 3130 1235 3222 ait,
1318 3205 1320 3214 ,

123 3261 165 3307 eo
199 3235 415 3306 existimanda
447 3243 499 3306 cst
524 3234 667 3307 Terram
692 3235 866 3332 excepisse
891 3233 977 3325 dici,
1015 3230 1102 3330 quod
1127 3229 1237 3325 θέμι-

124 3357 239 3421 στες,
253 3359 335 3431 quae
362 3342 438 3406 sunt
462 3335 642 3426 dictiones,
669 3344 781 3408 essent
804 3335 1062 3430 antiquissimae.
1114 3331 1237 3406 Caete-

122 3460 198 3509 rum
224 3434 312 3531 quod
327 3429 415 3506 Delo
441 3436 559 3507 relicta
577 3435 742 3532 Delphos⁴
756 3425 1071 3531 adisseApollidam
1085 3432 1238 3530 Aeschy-

11 3611 12 3616 ,
123 3539 179 3610 lus
206 3535 305 3628 dicit,
339 3537 403 3607 etsi
427 3561 494 3622 non
520 3535 641 3609 diserte
667 3535 791 3608 indicat
815 3535 927 3608 statim
952 3544 989 3607 ut
1007 3541 1110 3628 ,patus
1133 3535 1237 3620 fuerit
1354 3558 1356 3564 ·

124 3641 208 3712 illuc
232 3636 416 3734 profectum
442 3661 528 3730 esse,
555 3645 663 3709 tamen
682 3637 828 3708 ‘aliorum
844 3636 1049 3714 narrationes
1063 3636 1113 3706 ita
1131 3633 1237 3707 inter·
1349 3698 1358 3717 ,
1509 3683 1512 3691 1

124 3739 252 3838 pretori
276 3738 402 3810 iubent.
462 3737 504 3810 In
528 3739 581 3812 his
607 3747 660 3810 cst
682 3735 884 3835 Euripides,
921 3737 976 3834 qui
1000 3737 1036 3808 in
1060 3735 1236 3836 Iphigenia

127 3840 276 3914 Taurica
303 3865 334 3911 u.
364 3843 473 3914 1234.
492 3839 540 3926 de
566 3839 728 3927 dracone,
754 3839 810 3937 qui
833 3838 918 3910 illud
941 3842 1117 3939 μαντεῖον
1136 3833 1236 3935 χθό-

62 3969 69 3980 ”
126 3968 211 4018 νιον
235 3941 441 4035 custodierit,
467 3942 517 4015 sic
542 3942 694 4038 scripsit:

228 4076 282 4151 ἔτι
306 4103 380 4164 νιν,
406 4075 460 4150 ἔτι
482 4075 639 4174 βρέφος,
670 4075 723 4150 ἔτι
748 4072 858 4174 φίλας

229 4176 288 4250 ἐπὶ
312 4176 467 4276 ματέρος
490 4173 687 4278 ἀγκάλαισι
709 4173 899 4277 θριόσκιον

230 4275 365 4369 ἔκανες,
391 4276 422 4354 τό
448 4280 580 4378 Φοῖβε,
605 4275 791 4372 μαντείαν
816 4277 853 4354 δ’
882 4276 1014 4378 ἐπέβας
1039 4273 1197 4366 ζαθέων.

129 4411 251 4489 Paullo
277 4413 374 4488 aliter
387 4413 540 4513 Hyginus
564 4415 634 4488 lah.
648 4416 735 4490 14⁰-
758 4397 921 4512 Python,
949 4411 1099 4486 Terrae
1110 4407 1232 4504 filiun,
