3070 5048
406 509 409 518 ,
487 449 580 510 PARS
600 449 817 526 POSTEHUB·
974 456 977 465 “
1138 447 1207 519 8¹3

96 617 177 708 rint,
203 613 401 692 ira-Graecia
425 641 562 714 prorsus
587 616 756 712 exstingai
780 617 878 690 huius
901 617 951 691 rei
972 616 1129 693 memoria
1144 633 1211 714 poi

97 719 218 809 tuerit,
249 719 412 814 planeque
436 718 560 795 diuersi
585 719 625 792 ah
652 716 737 793 Sole
761 728 795 791 et
819 717 920 793 Luna
935 719 1059 792 ‘haberi
1082 719 1208 815 Apollo
1263 725 1276 806 J

96 831 143 918 ct3
157 819 279 894 Iliaca.
331 819 428 912 Quod
448 821 492 892 si
513 842 582 894 non
608 830 731 898 temone
756 820 934 913 hariolari,
968 821 1027 892 sed
1053 821 1210 918 prohabi-

98 923 163 996 lem
188 923 331 1017 aliquam
364 923 524 1004 rationem
556 941 714 1019 quamam
742 921 909 1014 nolumus,
946 922 1044 996 saone
1072 929 1210 1020 appiam
1320 917 1322 922 ’
1397 949 1402 960 ’

94 1023 298 1098 redeundum
323 1047 398 1096 esse
423 1024 464 1096 ad
490 1048 551 1115 aa,
577 1047 659 1120 elnae
686 1023 726 1098 de
741 1024 978 1120 'antiquissimo
1004 1024 1038 1098 in
1065 1022 1212 1099 Graecia
1424 1017 1432 1032 ⁸

95 1127 191 1200 cultu
207 1124 383 1222 -Apollinis
409 1126 530 1201 tradita
555 1126 723 1200 haramo.
776 1124 1064 1204 vicensinum
1090 1149 1129 1198 aa
1155 1149 1212 1201 sa·

93 1248 158 1300 ora
180 1227 290 1324 primo
307 1225 496 1322 ¹Pythonem
521 1227 671 1318 uenisse,
708 1227 924 1326 nomupntn
951 1229 1055 1303 veteri
1081 1226 1211 1303 Terrae

100 1329 255 1426 oracal03
282 1327 399 1402 deinde
425 1317 539 1424 pulsos
565 1329 605 1402 ah
622 1329 767 1426 Delphis
792 1329 936 1416 cultores
949 1329 1123 1426 ¹Apollinis
1148 1328 1213 1402 nli-

71 1429 254 1526 wquamrliu
280 1428 411 1526 Tempe
436 1430 469 1502 in
492 1429 672 1504 Thessalia
697 1431 855 1523 tenuisse,
881 1431 991 1526 ilique
1016 1457 1083 1507 aon
1109 1453 1213 1504 vena·
1314 1451 1317 1462 ·

100 1543 155 1604 tos
180 1555 277 1606 sacra
299 1554 361 1604 sua
387 1530 516 1618 chiese,
548 1545 729 1628 postremo,
755 1555 907 1606 reuersus
924 1531 1121 1628 Pythonem,
1147 1533 1214 1606 ite·

96 1658 186 1706 ram.
199 1632 359 1704 insenuisse
385 1631 472 1727 qnod
498 1632 544 1703 ihi
568 1641 641 1706 erat
657 1632 789 1707 Terrae
815 1635 997 1723 oraculum,
1022 1634 1056 1708 iu
1078 1635 1214 1729 eiusque

54 1767 59 1774 ·
100 1735 314 1832 possessione
346 1731 520 1806 mansisse.
577 1733 728 1830 Apparet
760 1759 803 1807 ex
833 1735 908 1825 his,
949 1734 1080 1830 priseos
1106 1744 1214 1810 terrae

97 1834 288 1932 Delphicae
305 1833 440 1908 ,incolas
471 1860 540 1910 uon
564 1835 689 1910 eiectus
714 1835 755 1908 ah
781 1835 915 1912 mnan
939 1835 1131 1933 Apollinem
1157 1857 1216 1906 ae·

8 1949 10 1962 '
99 1937 293 2012 aemutihas
319 1961 412 2029 ease,
449 1937 526 2028 sed,
561 1961 659 2034 qaam
689 1937 756 2034 ipsi
788 1963 846 2018 ecs
878 1939 1002 2036 paullo
1017 1946 1095 2034 post
1119 1932 1270 2034 quainli.

102 2039 302 2111 ardrcnerant
328 2038 547 2135 expulissent,
575 2039 742 2134 aliquantu
767 2049 847 2137 post
870 2064 915 2112 ex
940 2035 1133 2131 Thessalia,
1161 2037 1216 2110 nhi
1303 2052 1306 2058 ’

101 2141 235 2212 interim
262 2163 343 2236 opes
369 2164 482 2212 eornm
506 2151 623 2212 auctae
649 2149 756 2232 erant,
780 2141 905 2214 maiore
926 2143 958 2214 ni
979 2140 1121 2212 reuersis
1139 2165 1217 2212 suc-

103 2241 270 2316 cubuisse.
321 2239 379 2314 En
404 2267 445 2314 eo
471 2239 568 2313 lacile
594 2242 674 2314 licet
699 2243 819 2336 conjici
827 2294 840 2334 ,
874 2251 1044 2340 utrosque,
1071 2252 1104 2314 et
1128 2239 1218 2314 irreli-

104 2368 208 2440 genas
223 2351 268 2415 xet
294 2342 448 2432 advenas,
475 2367 571 2436 quum
599 2341 712 2413 eorlcru
738 2344 773 2414 iu
798 2345 874 2428 loco
901 2344 1056 2440 permixti
1077 2344 1164 2418 inter
1180 2367 1217 2414 se

104 2447 267 2535 viverent,
293 2443 426 2539 suisque
451 2443 582 2538 utrique
608 2443 712 2516 saneris
740 2452 931 2533 uterentur„
948 2441 1119 2540 paullatim
1137 2467 1219 2515 ren-

103 2545 232 2622 ludisne
257 2544 450 2640 religiones,
478 2543 592 2616 alteris
619 2544 741 2616 alteros
756 2545 919 2640 patienter
932 2544 1125 2616 ren-entibus.
1158 2541 1219 2618 Ic-

103 2650 298 2744 rligcnarum
325 2653 434 2718 aetem
460 2643 661 2730 cousuetudo
688 2655 759 2716 erat
784 2645 879 2741 sigua
897 2655 931 2716 et
947 2646 1123 2716 simulacra
1138 2643 1220 2714 dec·

105 2775 180 2824 rum
205 2771 329 2844 ponera
354 2769 436 2842 quas
465 2754 712 2833 venerarentur,
739 2745 880 2819 advenas
909 2771 999 2838 uero,
1026 2739 1083 2842 qui
1096 2743 1221 2818 Persa·

104 2875 181 2924 ram
208 2847 380 2945 opiniones
405 2847 636 2943 sequebantur,
664 2847 820 2920 credibile
847 2858 898 2920 est
923 2873 986 2920 nec
1011 2847 1134 2944 templa
1159 2871 1221 2920 nec

107 2951 286 3026 simulacra
318 2949 452 3022 deornm
478 2949 644 3021 hahuisse.
696 2946 758 3023 Sic
789 2949 876 3028 enirn
907 2949 947 3035 de
972 2947 1088 3022 Persis
1115 2947 1223 3021 ,tradit

99 3051 302 3128 ¹Herodotus
327 3049 359 3126 Ι.
389 3053 474 3128 131.
507 3049 657 3144 Πέρσας
687 3047 728 3126 δὲ
762 3047 847 3125 οἶδα
877 3047 1026 3147 νόμοισι
1049 3046 1223 3124 conerchis

14 3189 18 3202 ·
104 3151 358 3253 χρεωμένους·
384 3147 581 3255 ἀγάλματα
606 3149 676 3246 μὲν
700 3151 764 3226 καὶ
787 3150 900 3250 νηοὺς
912 3151 975 3228 καὶ
984 3149 1147 3250 ’βωμοὺςΙ
1156 3149 1225 3226 οὐκ

108 3262 154 3332 ἐν
169 3251 275 3351 νόμῳ
289 3252 528 3348 ποιευμένους
543 3250 756 3351 ἱδρύεσθαι,
773 3253 875 3327 ἀλλὰ
891 3254 955 3328 καὶ
971 3259 1066 3328 τοῖσι
1083 3259 1226 3328 ποιεῦσι

23 3427 27 3440 ,
109 3353 259 3455 μωρίην
284 3354 509 3450 ἐπιφέρουσι,
543 3352 593 3436 ὥς
617 3351 688 3448 μὲν
713 3353 795 3448 ἐμοὶ
819 3353 955 3443 δοκέει,
981 3353 1038 3428 ὅτι
1063 3355 1131 3427 οὐκ
1157 3353 1225 3428 ἀν-

109 3454 365 3553 θρωποφυέας
391 3451 568 3549 ἐνόμισαν
592 3453 678 3538 τοὺς
697 3453 811 3538 θεοὺς
829 3452 992 3551 κατάπερ
1010 3455 1044 3528 οἱ
1059 3454 1227 3551 Ἕλληνος

112 3559 220 3636 εἶναι.
272 3556 429 3630 Confusis
453 3558 556 3652 igitur
581 3557 727 3652 utrisque
754 3559 871 3648 sacris,
896 3583 993 3654 quum
1019 3566 1148 3628 veteres
1172 3557 1227 3628 in·
1338 3615 1342 3619 .

114 3664 210 3736 colae
236 3660 430 3731 advenarum
449 3683 543 3731 sacra
564 3659 781 3754 susciperent,
807 3659 1077 3754 consequebatur,
1106 3666 1141 3729 ut
1163 3657 1227 3730 liis

116 3787 246 3861 qunque
272 3761 367 3833 novis
392 3762 564 3831 lrurnanam
591 3761 737 3855 speciem
758 3759 950 3850 tribuerent,
978 3784 1100 3855 eosque
1122 3760 1226 3856 signis

116 3864 322 3962 quibusdam,
349 3863 494 3959 quamvis
511 3862 605 3934 initio
629 3860 776 3952 rudibus,
803 3861 1011 3958 effingerent.
1063 3861 1136 3954 Quo
1157 3884 1229 3932 rna·

118 3968 173 4062 gis
198 3965 281 4037 enirn
309 3965 442 4037 mohilia
467 3965 576 4060 gentis
600 3963 734 4059 ingenia
760 3963 799 4034 ah
825 3963 867 4035 iis
893 3963 1010 4054 nehus,
1048 3988 1130 4060 qnae
1155 3963 1229 4034 sola
1303 4001 1305 4007 s
1360 4027 1364 4034 .

118 4066 238 4140 runculis
264 4063 849 4163 cogitationecomprehenderentur,
876 4064 1104 4158 abhorrebant,
1131 4073 1228 4160 atque

120 4169 229 4242 ad'ea
254 4169 453 4258 ferebantur,
481 4192 563 4263 quae
590 4167 738 4240 sensiles
764 4167 891 4263 percipi
917 4176 1073 4266 possent,
1099 4191 1139 4238 eo
1166 4165 1230 4236 mi·
1297 4216 1302 4224 .

120 4295 183 4343 nus
208 4268 252 4340 ii's
277 4270 467 4343 satisfacere
492 4277 644 4366 poterant
666 4267 729 4358 eii,
756 4293 893 4393 puerum
913 4269 1022 4341 oliriua
1041 4267 1088 4338 ris
1107 4274 1141 4338 et
1165 4291 1229 4362 po·

120 4371 227 4444 tentia
251 4371 397 4464 mysticis
418 4373 615 4443 uerninihus
628 4370 681 4442 dei
706 4368 839 4444 ἕκατον
865 4371 1009 4466 deaeque
1034 4361 1163 4460 ἑκάιης
1180 4365 1229 4437 si·
1340 4425 1346 4432 .

122 4472 357 4570 gniliraretur,
395 4472 519 4546 somnne
551 4481 680 4564 autem,
714 4493 796 4566 quae
827 4469 863 4542 iu
894 4471 987 4544 caelo
1019 4474 1229 4566 apparerent,
