3084 5050
509 423 560 486 nn
573 407 577 412 ’
590 421 841 490 uuoaofflu.
1187 420 1232 495 au

127 588 174 662 aia
197 587 434 668 Alexandrinis
465 615 572 694 nuper
596 593 686 668 adito
718 617 754 691 p.
779 594 844 669 64.
876 592 940 665 nini
967 593 1054 691 qnod
1080 593 1120 668 rio
1145 593 1233 672 Dio'·

65 765 70 775 s
114 691 219 788 ‘genia
243 691 375 766 Laertii
404 696 512 769 aeriis
543 719 612 768 reor
643 697 679 768 in
704 695 856 793 ambiguo
881 695 1128 793 relinquendam
1154 720 1234 772 een·-
1282 775 1285 782 .

125 794 202 865 snit.
254 795 347 887 Quae
380 797 480 870 verba
505 798 569 870 etri
595 823 658 895 ego
685 821 751 870 non
778 797 969 870 contendam
996 799 1031 870 in
1058 823 1129 871 earn
1155 825 1237 874 sen-v

124 897 258 968 tentiam
285 897 373 971 diota
398 921 489 992 ense,
517 923 611 997 quom
637 899 765 972 adiecta
780 899 865 996 apud
879 897 1064 996 Diogenem
1083 901 1234 999 explica·

42 1063 44 1071 .
124 997 170 1069 tio
195 997 334 1090 indicat,
360 1008 468 1073 tamen
493 1023 611 1074 uereor
636 1025 677 1073 ne
702 1003 789 1073 iusto
815 1001 948 1095 longius
974 1021 1170 1099 progressus
1189 1005 1234 1077 nit

123 1095 335 1193 Nitaeeirino,
372 1119 469 1199 quam
495 1104 629 1201 negavit
662 1104 701 1187 ἐξ
724 1099 910 1200 ὑποβολῆς
933 1103 1019 1175 idem
1044 1104 1234 1200 nigniiicare

122 1221 240 1297 posue,
275 1201 362 1299 quod
387 1203 540 1277 Platonis
572 1205 612 1289 ἐξ
634 1200 860 1302 ὑπολήψεως.
912 1204 1114 1303 Quamquam
1147 1209 1234 1280 anim

122 1303 367 1376 accuratissime
394 1305 514 1379 docuit
524 1307 601 1404 qnid
619 1315 710 1379 esset
725 1301 906 1402 ὑποβολή,
932 1315 1053 1399 tameo,
1081 1309 1234 1404 quoniam

120 1399 345 1501 ὑποβάλλειν
362 1404 626 1498 ostentionem,
652 1429 882 1510 ammonere,
901 1405 1141 1498 contemmere,
1168 1431 1233 1484 uon

120 1503 218 1577 virieo
246 1505 334 1576 uliud
361 1509 535 1580 discrimen
557 1530 657 1600 οπο,
685 1531 778 1605 quam
807 1521 842 1581 ut
868 1511 923 1606 qui
950 1531 992 1581 eu
1018 1507 1235 1609 ὑπολήψεως

120 1605 247 1702 aliquid
272 1607 403 1698 recitat,
430 1609 598 1707 suscipere
624 1608 804 1680 desinentis
829 1619 954 1708 partes,
981 1613 1036 1706 qui
1063 1621 1170 1684 autem
1195 1615 1234 1696 ἐξ

117 1704 320 1804 ὑποβολῆς,
345 1709 455 1783 ouifiei
480 1703 514 1781 iir
540 1709 631 1782 illiue
657 1711 713 1806 qui
738 1709 836 1783 desiit
861 1712 970 1781 iocum
990 1712 1131 1784 dicatur.
1167 1713 1234 1785 At·

13 1903 14 1906 ,
119 1808 178 1906 qui
209 1817 349 1906 utroque
382 1812 480 1884 morio
512 1811 719 1906 significatur
750 1811 929 1884 succensio.
982 1810 1108 1886 Verum
1143 1815 1234 1887 siin
1259 1801 1269 1846 ²
1300 1868 1309 1886 ,,

60 1957 66 1972 κ
116 1911 194 2008 ipso
221 1911 350 2007 quidem
383 1916 449 1986 isto
484 1913 583 1985 nerim
618 1937 684 1985 noo
710 1914 873 2010 estquod
899 1910 1233 2010 protriireotauccee-

119 2013 246 2085 ornnem
271 2009 428 2111 intelligi,
454 2039 520 2086 non
547 2007 695 2110 nequitur
720 2016 895 2105 contiuno,
931 2023 968 2086 nt
992 2013 1164 2110 Diogenes
1191 2037 1232 2089 eu

118 2113 169 2187 aia
193 2137 273 2186 unus
299 2115 356 2187 ait.
407 2115 512 2190 Imrno
545 2140 642 2214 quum
677 2139 759 2213 quaa
793 2116 904 2188 addita
929 2127 1006 2189 eunt
1030 2119 1117 2214 apud
1143 2116 1233 2192 Dio-

12 2227 13 2234 ’
118 2236 255 2312 genam,
289 2212 371 2290 οἷον
397 2215 468 2292 ὑπο
495 2215 515 2290 ὅ
541 2224 686 2312 πρῶτος
710 2219 846 2313 ἔληξεν,
878 2219 1021 2292 ἐκεῖθεν
1047 2220 1233 2316 ἄρχεσθαι

116 2314 186 2390 τὸν
210 2311 399 2411 ἐχόμενον,
425 2319 537 2391 addito
562 2320 629 2391 aiot
653 2320 751 2397 etiarn
777 2319 864 2415 apud
886 2317 1037 2411 Saidam,
1063 2324 1119 2418 qui
1146 2321 1233 2395 Dio-

117 2419 213 2515 genis
241 2420 337 2490 verbo
363 2421 475 2516 poenit
506 2421 540 2491 iu
566 2416 753 2514 ὑποβολή,
790 2421 931 2494 dubitari
957 2431 1089 2517 potest,
1121 2431 1231 2495 utrum

116 2521 183 2593 ista
210 2544 253 2592 ex
278 2520 433 2617 Diogene
466 2521 631 2593 rettulerit
657 2517 799 2609 suidas,
833 2545 873 2592 an
900 2519 1089 2616 explicandi
1115 2545 1232 2594 causan

116 2622 191 2720 ipse
218 2621 388 2712 adiecerit,
416 2643 519 2717 eaque
544 2621 772 2715 interpretatio
798 2621 892 2689 illata
918 2623 962 2691 eit
983 2622 1016 2690 in
1033 2622 1231 2715 Diogenem.

116 2721 235 2811 certe,
261 2722 291 2792 ni
317 2745 360 2793 ex
386 2723 482 2793 iuius
508 2723 695 2792 narratione
710 2728 918 2792 removentur
934 2722 999 2790 iata
1016 2721 1127 2812 rerba,
1155 2743 1233 2792 oae-

114 2833 370 2897 temnentem
400 2821 583 2912 trabebant,
620 2817 771 2918 dicetque
803 2823 868 2893 iam
892 2821 1064 2918 Diogenen
1097 2831 1232 2896 auctore
1362 2839 1364 2845 ’
1431 2797 1436 2808 ’

114 2923 306 2997 Dieucirida
331 2922 488 2998 Solonem
507 2924 717 3015 instituisse,
752 2933 788 2996 ut
803 2931 908 2996 onom
934 2924 1082 2996 versibus
1107 2943 1232 3022 eappa-

117 3028 201 3108 ritia
226 3027 369 3098 carmina
401 3023 539 3098 Homeri
572 3027 810 3117 recitarentur,
844 3047 946 3122 eaque
978 3045 1015 3097 re
1047 3027 1232 3099 illustriora

116 3129 207 3200 iacta
233 3151 326 3219 osee,
363 3149 459 3226 quam
485 3153 504 3200 a
529 3126 722 3220 Pisistrato,
749 3128 805 3226 qui
831 3129 941 3225 qualia
966 3129 1151 3227 accepisset
1175 3147 1232 3201 re-
1348 3193 1349 3200 ,

117 3229 214 3304 citari
240 3229 403 3302 iussisset.

176 3409 178 3413 ,
219 3327 289 3403 Sed
316 3330 403 3428 qaod
427 3330 469 3401 ad
486 3339 649 3403 certamen
666 3327 852 3428 ὑποβολῆς
868 3330 954 3427 apud
972 3323 1078 3402 'Peion
1097 3330 1228 3422 attinet,

117 3429 217 3504 facile
242 3432 373 3528 quidem
398 3432 508 3528 patior
532 3453 636 3504 meam
662 3453 728 3502 non
754 3433 858 3503 minua
877 3451 971 3528 quam
985 3429 1148 3504 Boeekirii
1163 3455 1230 3502 ex-
1311 3511 1313 3515 ,

118 3533 331 3630 plicatiouaur
358 3533 398 3603 atr
412 3530 585 3603 Nitoseirio
611 3553 685 3605 asse
711 3554 877 3604 anereamr
910 3541 1051 3604 attamen
1077 3532 1230 3604 relietum

118 3634 229 3725 uideo,
255 3635 296 3706 da
321 3655 386 3730 qao
412 3643 446 3705 at
471 3631 611 3704 dubitari
637 3643 672 3706 at
696 3634 810 3728 quaeri
835 3631 975 3729 amptius
998 3633 1117 3728 possit.
1158 3631 1230 3706 Oa·

118 3736 225 3808 tendit
245 3735 449 3826 Nitnnetriae,
475 3731 667 3830 ὑποβολὴν
692 3756 766 3805 ease
787 3733 1027 3828 magistrorum,
1054 3735 1111 3830 qni
1127 3733 1230 3808 disci·
1337 3791 1345 3812 .

119 3833 208 3934 polio
244 3832 297 3910 rel
331 3837 531 3934 praeiverint
568 3837 620 3907 vel
654 3836 887 3932 imperaverint
919 3855 1002 3930 qaae
1037 3835 1227 3908 recitarent.
1356 3839 1362 3860 '

121 3937 220 4011 Vnda
247 3948 410 4012 certarnen
436 3933 622 4032 ὑποβολῆς
646 3937 753 4035 patria
778 3935 890 4033 lingna
916 3937 1149 4034 interpretatus
1176 3948 1228 4010 eet
1326 3998 1328 4008 .

120 4039 173 4112 im
198 4041 333 4114 letalem
357 4063 430 4112 eom
456 4035 669 4138 mrfgmbem.
720 4037 816 4111 Nunc
841 4039 891 4110 aia
916 4038 1049 4114 scribite
1085 4035 1228 4138 proba·

123 4136 248 4215 aruer
264 4139 394 4242 fingo,
421 4143 652 4258 erogaturum
676 4141 719 4212 ὑπ
739 4143 822 4240 ῆποο
838 4142 1052 4242 certamine
1067 4137 1227 4214 attotam·
1256 4207 1258 4214 .

122 4255 196 4316 tem
223 4238 330 4316 brem
351 4241 641 4344 tigno-'fleotimo
665 4245 893 4344 inoperasse,
920 4261 1022 4344 puae
1046 4243 1228 4313 carmina

122 4343 305 4446 doeeoprmta'
321 4349 538 4418 memorator
554 4335 790 4417 amitterent.
836 4343 914 4434 Quoi
926 4341 1105 4441 fortunae
1118 4337 1227 4413 modo

123 4443 224 4519 ὑππο
248 4443 357 4518 modo
381 4447 491 4520 illum
516 4447 641 4518 meacm
660 4441 868 4519 inchoabat
887 4435 1150 4532 recitandum,
1183 4451 1233 4514 ut
1348 4463 1362 4478 “
