3084 5050
301 383 364 451 ure
554 341 555 346 Ν
607 383 656 445 uu
679 383 825 476 prunum
843 378 1104 456 ,mruarnnrrs
1133 363 1139 372 *

300 555 348 628 At
372 573 467 650 quem
491 552 548 625 lrio
572 496 832 639 dixitdasivoa',
857 558 896 624 ut
909 545 1195 645 nonPolyuelum,
1222 545 1282 619 sed
1299 547 1417 621 Thra·
1446 552 1451 562 “

301 655 451 751 sybulum
466 653 578 740 luisse
604 653 755 744 credam,
788 655 856 752 'qui
888 677 962 727 cum
986 652 1168 724 Aristonoo
1195 657 1229 721 et
1254 647 1415 726 Chromio

299 765 392 829 tutor
416 755 523 828 fuctus
550 749 599 826 sit
615 757 707 827 illius
726 755 959 848 adolescentis,
986 779 1026 826 eo
1041 751 1199 843 adducor,
1227 752 1315 847 quod
1332 755 1417 825 Ari-

155 935 160 944 *
241 895 245 908 =
277 859 439 931 »steteles
464 853 506 929 ¹in
539 855 587 930 V..
620 855 759 930 Politic.
795 882 827 929 c.
856 859 917 932 ll.
951 855 1105 952 scripsit:
1126 850 1416 950 ,Θρασυβούλου

298 967 367 1033 τοῦ
388 957 550 1054 Ἱέρωνος
574 956 740 1056 ἀδελφοῦ
764 955 834 1033 τὸν
857 957 942 1034 υἱὸν
962 963 1031 1030 τοῦ
1051 953 1218 1038 Γέλωνος
1237 953 1416 1058 δημαγω-

298 1068 456 1164 γοῦντος
480 1058 544 1134 καὶ
568 1059 659 1158 πρὸς
675 1057 821 1156 ἡδονὰς
846 1059 1055 1158 ὁρμῶντος,
1086 1055 1148 1132 ἵν’,
1168 1055 1280 1140 αὐτὸς
1304 1058 1414 1156 ἄρχῃ.
1498 1119 1504 1131 .

229 1239 233 1248 ,
298 1162 372 1236 Sed
402 1163 468 1235 lroc
499 1161 573 1234 leuc
608 1171 671 1235 est.
731 1160 822 1234 Illud
857 1187 935 1234 uero
966 1161 1030 1234 toti
1063 1159 1116 1231 illi
1133 1158 1416 1256 ,interpretationi

298 1265 422 1356 obstat,
450 1264 537 1360 quod
562 1263 861 1361 imprudentissime
886 1264 1012 1359 egisset
1036 1259 1215 1352 Pindarus,
1242 1262 1272 1334 si
1288 1259 1416 1350 lliero-

258 1413 267 1418 -
298 1366 433 1438 nemin
459 1391 499 1438 co
524 1367 682 1457 carmine,
708 1366 743 1438 in
770 1391 833 1462 quo
859 1364 1094 1458 laudareeum
1120 1361 1281 1454 debebat,
1309 1375 1414 1462 eoque

298 1475 460 1565 tempore,
489 1491 552 1564 quo
578 1468 754 1539 labantem
768 1467 853 1564 apud
879 1468 973 1539 illum
995 1489 1056 1564 per
1079 1464 1317 1538 obtrectatores
1332 1491 1416 1564 gra-

299 1569 380 1641 tiam
406 1593 498 1641 suam
523 1570 699 1642 restituere
726 1570 870 1662 uolebat,
897 1567 1160 1665 turpissimorum
1178 1563 1337 1640 scelerum
1357 1593 1416 1640 su·
1517 1599 1518 1604 ¹

263 1740 266 1746 .
299 1679 449 1769 spectum
475 1671 688 1762 ostendisset,
714 1671 813 1767 idque
839 1680 906 1743 tam
931 1669 1007 1742 rudi
1032 1677 1130 1764 atque
1156 1671 1281 1761 agresti
1302 1670 1413 1764 modo,
1464 1729 1466 1736 ,

297 1782 355 1865 ut,
390 1797 488 1869 quum
514 1775 604 1845 nolle
632 1797 668 1844 se
693 1773 892 1853 maledicere
909 1772 1117 1860 allirmaret,
1152 1769 1187 1840 id
1213 1771 1341 1867 ipsum,
1378 1795 1415 1846 se
1449 1843 1453 1854 ,

153 1891 156 1896 “
236 1953 238 1960 s
298 1875 532 1965 maledixisse,
567 1874 793 1948 eonfiteretur.
844 1873 1018 1946 Excusare
1043 1872 1109 1942 ista
1135 1871 1264 1966 quidem
1290 1874 1417 1947 studuit

297 1974 491 2048 Boeckhius
518 1975 729 2078 antiquorum
751 1970 937 2071 temporum
957 1973 1168 2070 simplicitate
1191 1982 1289 2070 atque
1307 1975 1415 2073 ipsias

297 2083 418 2172 poetae
451 2076 675 2170 ingenuitate:
716 2078 946 2172 persuasitque
971 2075 1144 2150 Dissenio.
1203 2073 1273 2148 Sed
1298 2100 1336 2148 re
1362 2086 1417 2151 at-

299 2184 390 2249 tente
417 2176 624 2264 considerata
649 2178 721 2273 ipse
748 2201 860 2275 spero,
885 2177 1183 2274 lrane''.opinlonem
1204 2177 1337 2251 missam
1362 2179 1416 2252 l‘a-

295 2280 378 2366 oiet.
429 2276 552 2374 Longe
585 2279 656 2349 alia
682 2291 777 2351 mens'
799 2280 863 2358 fcit
886 2279 1047 2351 Pindaro.
1099 2277 1165 2369 Qui
1197 2304 1297 2375 quom
1321 2281 1417 2354 linita

298 2375 431 2464 Ixionis
457 2380 557 2476 impie
583 2379 745 2452 factorum
770 2383 959 2454 narratione
993 2380 1104 2453 statim
1134 2381 1287 2454 subiiciat
1311 2383 1414 2457 haece
1514 2419 1516 2424 v

399 2528 489 2614 θεὸς
514 2530 616 2606 ἅπαν
640 2529 700 2604 ἐπὶ
725 2530 909 2608 ἐλπίδεσσι
932 2528 1070 2628 τέκμαρ
1098 2526 1262 2622 ἀνύεται,

398 2629 502 2722 θεός,
530 2633 552 2708 ὃ
570 2630 634 2708 καὶ
654 2631 840 2734 πτερόεντ’
866 2632 990 2710 αἰετὸν
1006 2630 1084 2728 κίχε
1100 2632 1163 2708 καὶ
1177 2637 1416 2714 θαλασσαῖον

707 2811 719 2823 ,
907 2733 1176 2831 παραμείβεται

400 2835 571 2932 δελφῖνα,
599 2832 663 2908 καὶ
687 2833 913 2934 ὑψιφρόνων
937 2834 1010 2909 τίν’
1041 2836 1208 2934 ἔκαμψεν
1224 2839 1391 2932 βροτῶν,

400 2936 552 3034 ἑτέροισι
566 2933 607 3009 dd
622 2936 734 3022 κῦδος
749 2935 915 3040 ἀγήραον
928 2934 1135 3032 παρέδωκ’·
1161 2935 1225 3034 ipos*
1239 2937 1280 3012 ds*
1291 2939 1417 3038 χρεών

401 3035 554 3138 φεύγειν
578 3034 692 3124 δάκος
716 3037 863 3126 aduror,
888 3033 1134 3137 κακαγορίαν·

301 3187 440 3286 seipsa
466 3189 595 3262 dividae
619 3192 787 3289 potentiae
814 3189 1036 3287 descriptione
1069 3190 1216 3263 ostendit
1239 3189 1350 3264 redire
1377 3219 1415 3267 se

302 3293 344 3364 ad
369 3293 441 3382 illa,
467 3301 604 3390 propter
631 3318 713 3390 quae
738 3293 779 3364 de
804 3287 924 3363 Ixione
951 3301 1172 3387 exposuerat,
1205 3294 1271 3368 hoo
1295 3302 1349 3367 est
1371 3295 1417 3368 ad

231 3425 232 3431 ¹
264 3475 266 3482 ¹
303 3395 443 3491 gratiam
475 3396 515 3465 ab
547 3393 672 3468 Locris
709 3395 862 3466 debitam·
883 3393 1038 3466 Hieroni.
1097 3395 1164 3487 Qui
1197 3419 1295 3493 quum
1328 3397 1417 3493 grati

215 3573 216 3580 ρ
304 3504 416 3568 essent
449 3505 647 3594 propterea,
685 3494 773 3592 quod
805 3496 869 3567 sibi
907 3497 972 3566 ium
1005 3521 1071 3569 non
1102 3497 1296 3569 metuendus
1329 3507 1419 3570 osset

303 3597 507 3690 Anaxilaus,
542 3599 598 3669 uix
624 3599 766 3669 dubitari
791 3606 922 3694 potest,
949 3599 1026 3694 quin
1052 3599 1086 3668 in
1112 3587 1199 3670 hudo
1224 3599 1346 3672 dietum
1372 3601 1417 3672 sit

303 3697 393 3781 θεὸς
417 3698 481 3773 καὶ
505 3696 730 3798 ὑψιφρόνων
754 3697 830 3775 τίν’
860 3701 1026 3796 ἔκαμψεν
1049 3698 1213 3794 βροτῶν,
1238 3701 1273 3772 iu
1290 3701 1417 3780 Hiero·

303 3825 378 3872 nem
403 3811 509 3873 autem
535 3799 689 3898 ἑτέροισι
713 3799 755 3875 dd
779 3800 893 3884 κῦδος
914 3796 1079 3901 ἀγήραον
1099 3799 1299 3898 παρέδωκε.
1340 3803 1416 3895 Quo

304 3903 375 3974 ueri
401 3905 507 3975 simile
532 3903 583 3994 lit,
610 3912 646 3974 ut
672 3906 776 3975 etiam.
795 3901 926 3975 Ixionis
952 3903 1136 3998 exemplum
1161 3913 1299 3999 propter
1323 3907 1417 3976 Ana-

303 4006 432 4076 xilaum
454 4006 499 4077 sit
523 4005 671 4076 allatum.
722 4003 827 4092 Quem
853 4004 917 4074 etsi
941 4012 1078 4100 propter
1102 4005 1260 4076 iustitiam
1286 4015 1321 4078 ct
1344 4032 1417 4078 mo-

227 4117 268 4193 ᾗ
306 4107 506 4178 donatiouem
533 4129 657 4176 summo
690 4105 725 4174 in
748 4103 876 4174 whonore
901 4101 1007 4177 luisse
1034 4103 1181 4176 Iustinus
1206 4104 1274 4177 IV'.
1301 4113 1339 4180 2.
1366 4115 1417 4180 est

305 4217 466 4298 testatus,
499 4214 607 4288 tamen
632 4204 667 4274 id
692 4205 776 4274 nihil
801 4203 957 4301 impedit,
994 4207 1071 4302 quin
1097 4207 1129 4278 ei
1155 4207 1415 4302 cumllierone,

305 4310 376 4404 qui,
401 4316 439 4378 ut
464 4329 484 4376 a
505 4303 684 4376 scholiasta
705 4305 746 4396 ad
761 4304 861 4399 Pytlr.
876 4304 908 4376 Ι.
926 4311 1012 4380 112.
1038 4308 1203 4405 proditum
1224 4318 1288 4402 est,
1314 4311 1416 4381 filiam

306 4411 378 4480 eius
404 4409 438 4512 in
464 4405 670 4479 matrimonio
696 4407 830 4502 habuit,
856 4409 1002 4507 privatas
1028 4431 1162 4485 caussas
1187 4413 1416 4485 intercessisse
