3076 5046
330 361 606 470 'uu‘ruseurm
626 405 815 468 neruosus
836 405 1035 490 munuum
1190 401 1255 512 upa

144 568 253 670 possit
276 571 610 669 bunopoebrurulia
634 591 730 670 ιριοιο
756 571 940 654 Thebaidis
964 571 1161 670 seriptomm
1185 583 1256 645 ret-

144 674 283 765 tulisse,
316 697 379 748 neo
410 698 472 772 per
503 674 600 750 som
625 675 695 748 neri
720 673 828 749 simile
854 683 918 747 ert.
967 673 1257 749 Demesoomon-

145 775 223 852 dum
247 781 350 866 esset,
384 773 426 850 de
451 785 517 872 quo
541 777 626 850 nibil
652 776 774 850 dietum
798 776 833 850 in
857 775 1007 850 vomitus
1032 775 1126 869 istis,
1159 775 1257 848 simul

100 947 105 974 ,
146 901 219 950 eum
246 885 347 954 tauro
368 877 466 952 etiem
494 901 625 952 rueram
651 902 725 952 esse
745 881 936 952 muetutum.
987 877 1140 974 Denique
1162 877 1260 949 dubi-

145 977 304 1054 tationem
328 977 409 1054 sunit
429 980 528 1056 etium
549 979 677 1060 iouente
696 980 872 1076 seriptum,
898 1003 998 1076 quum
1013 980 1048 1054 in
1063 975 1258 1052 nooman.

24 1139 27 1152 ,
146 1088 181 1152 et
213 1079 268 1152 ed.
297 1079 397 1154 Rom.
430 1082 476 1154 sit
504 1075 587 1156 τόδ’
623 1075 836 1175 ἃντόμοιον.
894 1081 984 1157 Mibi
1016 1082 1146 1177 quidem
1179 1081 1259 1152 olim
1397 1155 1402 1166 ,

147 1191 222 1253 ente
248 1188 380 1256 sentum
400 1206 533 1258 uersum
559 1184 726 1258 excidisse
752 1207 836 1258 unus
861 1206 976 1257 versus
1002 1182 1192 1273 videbatur,
1223 1182 1259 1253 in

148 1307 212 1379 quo
239 1282 357 1360 fuisset
381 1283 470 1380 quod
496 1285 541 1360 ud
561 1280 688 1380 βόειον
712 1285 894 1358 referretur
910 1281 1048 1380 Ιἰσχίον.
1097 1281 1168 1359 Sed
1196 1283 1261 1356 etsi

84 1475 92 1480 ξ
148 1384 280 1464 omnino
311 1384 372 1459 itta
398 1409 478 1458 vooe
505 1411 588 1482 opus
614 1396 684 1478 est,
722 1387 946 1460 uoonsonsit
976 1369 1034 1460 bio
1063 1393 1162 1482 poeta
1187 1409 1261 1458 eum

148 1486 312 1580 scriptore
329 1484 536 1577 Thebaidis,
561 1496 669 1562 tumen
696 1513 763 1562 nen
788 1497 839 1562 est
863 1489 1051 1562 necessario
1077 1487 1262 1562 deluenda

148 1585 373 1682 cogitandum,
400 1588 476 1683 qnia
501 1589 585 1659 illud
609 1587 694 1662 ἀντὶ
712 1594 786 1684 1τοῦ
811 1585 1038 1682 κεκομμένου
1064 1597 1129 1660 tam
1144 1589 1261 1662 inutile

148 1695 221 1777 est,
243 1695 294 1758 ¹nt
320 1711 340 1759 a
364 1689 578 1786 grunrmatieo
612 1690 723 1786 potius
750 1689 920 1759 evanidam
952 1689 1148 1784 scripturam
1174 1688 1262 1760 inte·

148 1795 266 1884 grente
292 1813 387 1885 quum
415 1791 454 1860 ab
480 1790 554 1888 ipso
580 1799 680 1888 poeta
695 1789 878 1890 proiectum
898 1789 1059 1862 videatur.
1109 1785 1262 1888 Septimo

148 1913 247 1964 versu
273 1892 350 1988 quio
376 1892 416 1964 ἐκ
435 1891 567 1984 θυμοῦ
592 1903 765 1992 perpurum
790 1890 960 1995 seriptum
974 1893 1031 1981 sit,
1061 1887 1124 1962 rin'
1140 1888 1265 1990 poterit

149 1987 306 2064 dubitari,
355 1990 398 2063 In
424 2003 540 2066 octavo
566 2018 718 2090 nonoque
744 2017 841 2065 versu
873 1993 960 2090 quod
986 1992 1164 2065 Turnebus
1191 1991 1265 2064 edi-

150 2093 212 2184 dit,
237 2089 292 2176 τίς
316 2120 380 2188 μοι
405 2088 490 2168 roid’
520 2090 712 2186 ἀνθόμσια
736 2093 894 2192 μισητὸν
918 2093 1026 2191 κρέας
1040 2092 1184 2190 πέμπει,
1210 2094 1265 2166 ui·

150 2196 212 2268 mis
239 2195 411 2268 manifesto
438 2205 662 2292 ¹correctorem
685 2197 808 2296 prodit,
858 2221 932 2269 uam
958 2207 994 2270 ut
1019 2207 1142 2270 temere
1168 2220 1265 2293 sper·
1351 2241 1353 2249 ι

151 2296 276 2372 nendae
309 2298 533 2370 sint-veteres
559 2287 743 2394 'scripturae
776 2223 857 2370 τόν)3
1208 2281 1222 2320 ²

151 2425 244 2471 πων.
294 2395 411 2494 Neque
438 2423 515 2470 vero
535 2409 625 2472 reete
649 2400 734 2495 quis,
762 2398 874 2486 oredo,
902 2400 1103 2494 corrigeret,
1129 2396 1185 2479 τίς
1200 2423 1266 2490 μοι

150 2494 236 2571 uoid'
267 2495 479 2594 ἀνθέμοια,
504 2497 660 2593 μισητὸν
685 2500 805 2594 κρέας,
831 2496 1005 2591 πέμπων;
1041 2495 1177 2580 aubrie
1201 2525 1267 2587 μοι

150 2597 252 2688 τόδ’,
287 2596 482 2694 bredune,
517 2597 536 2671 ὅ
561 2596 719 2694 μισητὸν
743 2597 850 2694 κρέας
876 2597 1030 2692 πέμπων
1037 2627 1050 2684 ,·
1077 2608 1152 2685 aut,
1180 2594 1268 2694 qood

152 2691 280 2772 duobus
305 2701 411 2771 modis
437 2700 628 2796 interpungi
653 2708 776 2796 potest,
802 2696 858 2780 τίς
882 2693 1057 2793 μαινάδ’
1085 2693 1264 2792 ἀνθέμοι*

154 2797 175 2874 ὃ
200 2798 358 2896 μισητὸν
383 2797 491 2899 κρέας
522 2798 696 2895 πέμπων,·
727 2800 869 2872 Aeeedit
901 2800 989 2897 quod
1015 2801 1071 2872 uix
1104 2797 1184 2874 olibi
1215 2800 1269 2870 in-

156 2902 304 2976 venietur
329 2904 393 2975 boe
425 2903 618 2974 vocabulum
652 2897 879 3000 ἇνθόμοιος,
912 2925 1103 3004 quamquam
1137 2900 1268 2972 minime

888 2293 1089 2391 ἄντόμοισν
1115 2306 1149 2369 et
1174 2323 1266 2390 πεμ-
1391 2351 1408 2382 ,

153 3005 236 3076 sslud
265 3001 492 3076 damnandum
544 3004 585 3078 Ιιι
613 3005 739 3078 decimo
767 3029 876 3096 versu,
903 3014 1036 3102 praeter
1049 3005 1269 3099 inelegantem
1387 3094 1392 3104 ι

154 3107 343 3180 trochaeum
369 3101 520 3204 τυφλός,
545 3131 764 3203 numerosque
789 3107 875 3178 baud
901 3107 983 3179 satis
999 3107 1191 3198 eoooinnos,
1216 3105 1271 3176 in-

155 3216 231 3304 epte
257 3209 456 3281 dictumest
483 3204 641 3293 θύοντος
665 3207 787 3305 ὕβρει,
809 3210 851 3284 οἱ
875 3209 911 3282 id
936 3217 988 3285 ost
1004 3205 1191 3305 furenter
1217 3218 1269 3280 te·

155 3311 345 3399 erueritate,
373 3311 461 3406 quia,
488 3311 544 3382 ubi
570 3311 614 3382 de
636 3311 803 3384 sacrificio
828 3333 936 3384 sermo
953 3320 1016 3401 eut,
1033 3310 1269 3386 -soorifioantes

155 3411 267 3509 potius
292 3409 535 3520 intelligpotur.
588 3410 710 3485 Tertio
745 3412 871 3483 docimo
905 3411 1045 3507 denique
1072 3435 1168 3483 versu
1193 3411 1271 3481 lan-

156 3511 383 3606 guidissimum
409 3519 461 3582 est
487 3510 655 3585 αὐτοῖσιν
681 3506 827 3593 αὐτούς.
862 3511 973 3596 ‚flauo
998 3512 1114 3586 onnia
1137 3511 1193 3608 qui
1218 3510 1273 3582 di-

47 3667 51 3678 .
157 3615 302 3708 ligentur
326 3611 571 3708 ponderaverit,
598 3612 655 3683 vix
680 3613 842 3686 dubitabit
867 3614 945 3708 quin
971 3613 1058 3688 baud
1079 3613 1191 3708 paullo
1208 3613 1273 3684 ali-

158 3728 211 3788 ter
236 3714 354 3811 seripti
385 3713 508 3785 inerint
537 3738 650 3785 versus
684 3713 742 3786 isti
767 3721 940 3809 antequem
966 3713 1207 3809 rebngemntur
1232 3713 1272 3784 ab

159 3815 369 3890 emendatore
388 3815 546 3905 mettium
586 3813 796 3906 ¹Quod-nisi
828 3839 880 3888 nne
904 3815 994 3889 tabu
1019 3815 1152 3912 opinio,
1188 3817 1273 3889 tales

159 3921 230 3991 fere
257 3918 407 4004 fueruntt
494 3935 496 3948 ·
949 3947 954 3954 ·

314 4015 372 4093 ἀεὶ
397 4016 451 4107 d',
479 4015 579 4111 ὁρῶν
603 4016 679 4118 γὰρ
698 4011 782 4106 ὀξύ,
806 4013 870 4092 καὶ
894 4012 1033 4115 τυφλός
1057 4045 1136 4114 περ,
1163 4012 1222 4113 ἦν,
1293 4015 1296 4018 ’

311 4118 452 4204 θυσίας
476 4120 511 4220 y'
543 4117 712 4214 ἀπαρχὰς
735 4118 845 4221 μέρος
866 4118 1074 4216 ἐπέμπομεν
1098 4120 1224 4217 πατρί,
1359 4141 1364 4148 ·

315 4219 405 4316 βοὸς
428 4219 603 4319 περισσὸν
628 4217 745 4317 ὦμον,
769 4221 937 4315 ἔκκριτον
961 4221 1098 4320 κρέας*

284 4358 286 4364 ’
317 4323 336 4397 ὃ
363 4320 410 4420 δή
434 4352 475 4428 ys
502 4319 767 4424 συγκόψαντας,
794 4315 850 4402 οὗ,
863 4323 1102 4421 μομνημινοι,
1224 4395 1226 4401 2

268 4427 293 4503 5
318 4418 440 4519 λήσειν
464 4425 673 4513 δοκοῦντες,
698 4423 920 4502 ἂντίκοπτσν
943 4423 1065 4520 ἰσχίον
