3076 5046
296 417 362 488 am
489 391 565 482 ἰιι
587 404 780 484 matram·
794 415 984 482 rnmccrrs
997 417 1204 482 ιιιιιιιιιιε.

170 676 173 686 ¹
297 589 415 660 rnalnm
443 609 537 658 omen
570 586 707 660 dacibus
731 586 867 684 Argitis
890 583 975 679 init,
1011 594 1119 662 tamen
1151 607 1206 658 res
1239 581 1414 676 adversae,
1473 589 1481 610 ’

299 711 380 786 qaas
405 689 487 760 lraec
512 688 685 786 tragoedia
709 689 835 782 habult,
862 713 928 762 ιιοιι
953 689 1019 781 lris,
1046 689 1105 761 sed
1130 686 1252 760 notrici
1279 684 1415 783 Ophel-

168 863 172 870 .
233 865 239 889 ,
298 801 352 863 tae
377 790 580 887 Hypsipylae
594 784 808 863 acciderant.
861 791 965 882 Quam
1001 815 1098 888 qaam
1130 810 1249 861 necare
1274 796 1415 885 propter

298 915 435 988 puerum
461 893 546 963 male
572 893 769 964 custoditum
799 893 938 965 voluerit
963 892 1142 988 Eurydice,
1169 913 1273 986 eoqae
1301 891 1416 962 oonsi-

298 995 346 1066 lio
372 995 515 1066 tenuerit
530 995 737 1090 conclusam,
763 996 966 1068 servaverint
984 1005 1091 1066 autem
1109 999 1311 1064 monstrante
1328 993 1416 1062 Λιιι-

297 1095 435 1193 pliarao
461 1095 522 1166 lilii
549 1096 640 1186 eius,
677 1094 867 1192 dequibus
899 1097 996 1168 reboo
1027 1095 1183 1192 exposuit
1215 1093 1415 1165 scholiastes

222 1187 225 1204 '
273 1189 455 1268 “Pinnem
489 1221 554 1269 non
580 1196 791 1270 dubitandam
817 1198 965 1289 videtur,
1001 1196 1078 1294 quin
1104 1195 1228 1268 Nemea
1253 1194 1301 1265 ad·
1321 1195 1415 1266 illam

235 1316 238 1324 ’
299 1298 496 1396 pertinuerit
520 1298 707 1394 trilogiam‚
733 1299 768 1370 in
794 1322 859 1396 qua
883 1299 945 1372 init
971 1297 1142 1394 tragoedia
1166 1295 1363 1394 Hypsipyle.
1374 1296 1417 1392 *)

404 1399 555 1491 Quod
527 1425 556 1472 ει
583 1425 651 1471 non
676 1408 727 1472 est
755 1403 821 1472 veri
848 1401 975 1492 simile,
1008 1408 1045 1472 ut
1070 1397 1194 1472 Nemea
1220 1421 1417 1497 praecesse-

301 1500 347 1572 rit
371 1498 507 1597 Septem
534 1501 574 1573 ad
602 1501 759 1592 Thebas,
793 1503 858 1574 alia
884 1501 1176 1600 circumspicienda
1201 1509 1254 1572 est
1278 1508 1416 1595 tragoe-

242 1589 381 1692 dia,
397 1625 492 1698 qoam
518 1603 654 1700 primam
681 1554 776 1674 haido
803 1601 958 1702 trilcgiae
984 1625 1109 1700 ponere
1129 1602 1307 1720 possimos.
1349 1599 1417 1671 Vi-

253 1699 383 1797 lldecr
407 1705 508 1776 milri
502 1704 654 1800 aliquod
679 1705 721 1776 dc
747 1706 817 1778 cias
843 1715 1035 1802 argomento
1067 1703 1258 1776 indiciam
1247 1702 1414 1774 micuisse

300 1805 340 1876 in
339 1802 488 1911 Septem
514 1803 556 1876 ad
571 1805 707 1878 Thebas
734 1829 765 1878 ι.
782 1810 870 1884 576
896 1809 952 1878 alri
976 1828 1099 1906 praeco
1125 1802 1174 1878 sic
1192 1804 1235 1877 dc
1251 1803 1417 1957 Amplia-

299 1930 359 1978 rac
384 1908 572 2004 praedicata
1420 1945 1422 1952 ’

289 2071 318 2093 ”
396 2055 620 2154 Ὁμολωίσιν
645 2053 686 2130 di
712 2053 959 2156 modernitate
983 2053 1260 2184 τεταγμενός
1327 2063 1330 2068 ’

271 2165 275 2170 ’
316 2160 319 2168 ’
400 2163 545 2284 κρικοῖσι
568 2153 675 2256 βρίζει
700 2157 815 2254 πολλα
846 2157 991 2242 Τυδέως
1014 2157 1119 2256 βίαν,

401 2257 469 2333 τὸν
494 2255 769 2358 ἀνδροφόντην,
797 2258 866 2337 τὸν
889 2257 1027 2344 πόλεως
1051 2256 1262 2359 ταράκτορα

401 2357 587 2489 μέγιστον
592 2361 728 2463 Ἄργει,
752 2359 819 2438 τὸν
843 2370 970 2438 κακῶν
995 2359 1260 2452 ιλιόόσκαλον,

394 2457 560 2559 Ερινόος
582 2467 755 2561 κλητῆρα,
782 2461 986 2562 πρόςπολον
1012 2461 1145 2562 φόνου,
1290 2473 1292 2478 ’
1365 2462 1369 2469 ’

401 2591 528 2640 κακων
554 2562 591 2640 ‹l'
612 2562 806 2666 Ἀδράστῳ
831 2564 950 2642 τῶνδε
974 2561 1251 2688 βουλευτήριον.

302 2715 398 2792 Tam
416 2717 659 2821 significanter
666 2718 748 2791 laec
774 2727 1002 2819 coagmentata
1025 2727 1113 2810 sunt,
1139 2727 1183 2790 at
1186 2741 1278 2838 qao
1274 2717 1417 2812 singula

301 2828 452 2939 spectent
477 2821 535 2890 vix
552 2809 701 2890 rideatur
720 2820 759 2891 ab
782 2821 989 2894 audientibus
1006 2822 1087 2894 satis
1104 2819 1232 2917 percipi
1249 2819 1414 2915 potuisse,

300 2921 365 2992 nisi
390 2943 588 3017 praegressa
619 2929 708 2991 esset
740 2921 855 2992 harem
887 2943 996 2994 reram
1022 2923 1164 2994 omnium
1191 2921 1326 2993 alacrior
1351 2944 1416 2994 cx-

300 3022 450 3118 plicatia.
501 3019 592 3092 llinc
616 3017 758 3092 sortasse
779 3045 845 3092 ιιοιι
861 3021 1025 3113 fallemur,
1052 3025 1082 3094 si
1099 3032 1325 3120 argumentum
1341 3023 1416 3120 pri-

196 3205 199 3212 ,
301 3145 378 3192 mae
397 3119 588 3216 tragoediae
609 3143 657 3192 ex
682 3121 735 3192 lais
754 3121 893 3192 Homeri
913 3123 1066 3197 versibus
1092 3145 1185 3223 scrop
1187 3134 1255 3196 tam
1280 3123 1416 3230 putabi-

101 3315 103 3326 .
197 3239 203 3265 ι
300 3243 385 3314 mas,
412 3219 513 3292 Iliad.
538 3217 605 3294 lv.
633 3223 720 3297 376.
746 3222 855 3293 abi
828 3245 878 3295 src
903 3223 944 3296 de
964 3224 1090 3321 Tydeo
1115 3150 1340 3324 eginense:
1391 3303 1392 3312 y

400 3369 482 3468 ἤτοι
505 3367 576 3467 μὲν
550 3371 673 3501 pop
698 3373 784 3472 ἄτερ
810 3374 970 3472 πολεμου
995 3377 1136 3476 ελςῆλθε
1162 3371 1366 3473 Μυκήνας

400 3477 520 3556 κεῖνος
545 3471 598 3566 ἅμ
640 3473 804 3606 ἀντιθὲιρ
830 3477 1059 3568 Πολυνείκεϊ,
1081 3477 1221 3607 λαὸν
1175 3476 1377 3606 crysippo,

385 3577 438 3660 ¹oi
434 3575 508 3670 ’ῥα
533 3573 610 3649 τότ’
640 3575 938 3706 ε’στρατόιιινθΗ
923 3580 1004 3678 ιερὰ
1024 3579 1115 3679 τιρός
1130 3577 1251 3674 τείχεα
1270 3573 1412 3707 Θήβης·

402 3673 466 3751 καί
490 3677 537 3772 ρα
560 3675 665 3773 μόλοι
688 3679 857 3756 λίσσοντο
873 3679 989 3810 δόμεν
1003 3679 1198 3766 κλειτοὺς
1161 3677 1412 3810 επικρόρους.

402 3781 438 3851 o‘r
431 3776 499 3852 d⁰
529 3779 661 3855 εθελον
686 3777 840 3878 δόμεναι
864 3784 927 3857 καὶ
952 3777 1117 3909 ἐπῄνεον,
1144 3780 1194 3866 ιῦς
1219 3782 1398 3880 ἐκέλευον·

325 3913 332 3930 ι
401 3877 495 3986 ἀλλὰ
518 3879 657 3964 Ζεὺς
636 3901 776 3982 ετρεψε,
801 3883 980 3980 παραίσια
1005 3880 1152 3980 σήματα
1176 3883 1337 3982 φαίνων.

299 4034 353 4104 Aa
376 4031 518 4106 fortasse
544 4033 642 4106 ctiam
666 4055 779 4108 coram
804 4033 948 4129 aliquid,
983 4057 1066 4132 qaae
1091 4036 1247 4134 deinceps
1273 4036 1412 4134 capiere

296 4184 448 4204 ndu—...-

347 4277 349 4284 ¹
385 4287 415 4370 Ἴ
439 4271 562 4349 Conlerre
582 4286 680 4362 aliquid
701 4285 733 4346 ad
752 4267 830 4346 haias
851 4291 890 4347 rai
910 4291 1103 4366 explicationem
1124 4295 1218 4366 poterit
1234 4293 1334 4368 pictura
1355 4295 1410 4351 cxi·

283 4373 353 4432 ‘mia
373 4375 401 4432 in
421 4392 497 4442 vase,
524 4391 599 4446 qaam
621 4369 700 4430 edidit
721 4392 746 4430 a.
769 4371 859 4432 1838.
880 4373 995 4432 Beroltni
1016 4373 1048 4434 ll.
1063 4374 1213 4434 Gcrhardus
1234 4381 1262 4434 in
1284 4377 1408 4435 disserta·

300 4465 379 4530 tione,
401 4461 442 4515 cat
464 4457 555 4513 titulae
576 4455 754 4516 Aradeaorcc
773 4463 832 4516 aad
853 4457 898 4519 dte
913 4460 1099 4534 Hesperides.
1146 4470 1153 4484 '
