<?xml version="1.0" encoding="UTF-8"?>
<!DOCTYPE html PUBLIC "-//W3C//DTD XHTML 1.0 Transitional//EN"
    "http://www.w3.org/TR/xhtml1/DTD/xhtml1-transitional.dtd">
<html xmlns="http://www.w3.org/1999/xhtml" xml:lang="en" lang="en">
 <head>
  <title>
</title>
<meta http-equiv="Content-Type" content="text/html;charset=utf-8" />
  <meta name='ocr-system' content='tesseract 3.04.00' />
  <meta name='ocr-capabilities' content='ocr_page ocr_carea ocr_par ocr_line ocrx_word'/>
</head>
<body>
  <div class='ocr_page' id='page_1' title='image "./opuscula05hermgoog/opuscula05hermgoog_0118.png"; bbox 0 0 3084 5050; ppageno 0'>
   <div class='ocr_carea' id='block_1_1' title="bbox 431 351 1242 435">
    <p class='ocr_par' dir='ltr' id='par_1_1' title="bbox 431 351 1242 435">
     <span class='ocr_line' id='line_1_1' title="bbox 431 351 1242 435; baseline 0.016 -13"><span class='ocrx_word' id='word_1_1' title='bbox 431 369 486 429; x_wconf 86' lang='lat' dir='ltr'><strong>nn</strong></span> <span class='ocrx_word' id='word_1_2' title='bbox 509 367 655 430; x_wconf 78' lang='lat' dir='ltr'><strong>ornnem</strong></span> <span class='ocrx_word' id='word_1_3' title='bbox 674 351 931 430; x_wconf 65' lang='lat' dir='ltr'><strong>namneum</strong></span> <span class='ocrx_word' id='word_1_4' title='bbox 1179 363 1242 435; x_wconf 84' lang='lat' dir='ltr'><strong>lue</strong></span> 
     </span>
    </p>
   </div>
   <div class='ocr_carea' id='block_1_2' title="bbox 106 502 1324 748">
    <p class='ocr_par' dir='ltr' id='par_1_2' title="bbox 106 502 1324 748">
     <span class='ocr_line' id='line_1_2' title="bbox 106 502 1324 633; baseline 0.001 -24"><span class='ocrx_word' id='word_1_5' title='bbox 106 535 250 609; x_wconf 58' lang='lat' dir='ltr'><strong>«ment.</strong></span> <span class='ocrx_word' id='word_1_6' title='bbox 299 502 390 608; x_wconf 73' lang='lat' dir='ltr'><strong>ilinc</strong></span> <span class='ocrx_word' id='word_1_7' title='bbox 415 533 580 607; x_wconf 85' lang='lat' dir='ltr'><strong>aestimari</strong></span> <span class='ocrx_word' id='word_1_8' title='bbox 602 543 725 633; x_wconf 90' lang='lat' dir='ltr'><strong>potest,</strong></span> <span class='ocrx_word' id='word_1_9' title='bbox 753 559 850 633; x_wconf 84' lang='lat' dir='ltr'><strong>quum</strong></span> <span class='ocrx_word' id='word_1_10' title='bbox 867 533 980 608; x_wconf 85' lang='lat' dir='ltr'><strong>eadem</strong></span> <span class='ocrx_word' id='word_1_11' title='bbox 991 529 1131 626; x_wconf 70' lang='lat' dir='ltr'><strong>Cicero,</strong></span> <span class='ocrx_word' id='word_1_12' title='bbox 1158 533 1241 610; x_wconf 85' lang='lat' dir='ltr'><strong>bene</strong></span> <span class='ocrx_word' id='word_1_13' title='bbox 1319 549 1324 559; x_wconf 81' lang='grc'><strong>“</strong></span> 
     </span>
     <span class='ocr_line' id='line_1_3' title="bbox 128 637 1159 748; baseline -0.001 -38"><span class='ocrx_word' id='word_1_14' title='bbox 128 661 211 748; x_wconf 80' lang='lat' dir='ltr'><strong>sane</strong></span> <span class='ocrx_word' id='word_1_15' title='bbox 237 643 335 735; x_wconf 88' lang='lat' dir='ltr'><strong>atque</strong></span> <span class='ocrx_word' id='word_1_16' title='bbox 361 639 543 734; x_wconf 83' lang='lat' dir='ltr'><strong>eleganter,</strong></span> <span class='ocrx_word' id='word_1_17' title='bbox 569 638 604 710; x_wconf 93' lang='lat' dir='ltr'><strong>in</strong></span> <span class='ocrx_word' id='word_1_18' title='bbox 630 638 738 711; x_wconf 83' lang='lat' dir='ltr'><strong>Tusc.</strong></span> <span class='ocrx_word' id='word_1_19' title='bbox 764 639 808 731; x_wconf 71' lang='lat' dir='ltr'><strong>Q.</strong></span> <span class='ocrx_word' id='word_1_20' title='bbox 833 637 866 709; x_wconf 91' lang='lat' dir='ltr'><strong>I.</strong></span> <span class='ocrx_word' id='word_1_21' title='bbox 891 640 953 716; x_wconf 80' lang='lat'><strong>42.</strong></span> <span class='ocrx_word' id='word_1_22' title='bbox 980 637 1031 710; x_wconf 89' lang='lat' dir='ltr'><strong>sie</strong></span> <span class='ocrx_word' id='word_1_23' title='bbox 1055 637 1159 710; x_wconf 82' lang='lat' dir='ltr'><strong>dixit:</strong></span> 
     </span>
    </p>
   </div>
   <div class='ocr_carea' id='block_1_3' title="bbox 232 771 1300 992">
    <p class='ocr_par' dir='ltr' id='par_1_3' title="bbox 232 771 1300 992">
     <span class='ocr_line' id='line_1_4' title="bbox 232 771 1300 888; baseline 0.002 -26"><span class='ocrx_word' id='word_1_24' title='bbox 232 789 309 880; x_wconf 72' lang='lat' dir='ltr'><strong>die,</strong></span> <span class='ocrx_word' id='word_1_25' title='bbox 332 771 477 888; x_wconf 70' lang='lat' dir='ltr'><strong>hospes,</strong></span> <span class='ocrx_word' id='word_1_26' title='bbox 500 785 675 888; x_wconf 75' lang='lat' dir='ltr'><strong>Spartae</strong></span> <span class='ocrx_word' id='word_1_27' title='bbox 692 816 762 864; x_wconf 78' lang='lat' dir='ltr'><strong>moe</strong></span> <span class='ocrx_word' id='word_1_28' title='bbox 780 801 816 863; x_wconf 83' lang='lat' dir='ltr'><strong>te</strong></span> <span class='ocrx_word' id='word_1_29' title='bbox 831 785 894 862; x_wconf 79' lang='lat' dir='ltr'><strong>hie</strong></span> <span class='ocrx_word' id='word_1_30' title='bbox 908 785 1048 862; x_wconf 75' lang='lat' dir='ltr'><strong>cidisse</strong></span> <span class='ocrx_word' id='word_1_31' title='bbox 1060 789 1241 880; x_wconf 77' lang='lat' dir='ltr'><strong>iacentes,</strong></span> <span class='ocrx_word' id='word_1_32' title='bbox 1296 787 1300 800; x_wconf 81' lang='grc'><em>“</em></span> 
     </span>
     <span class='ocr_line' id='line_1_5' title="bbox 282 885 1185 992; baseline -0.003 -28"><span class='ocrx_word' id='word_1_33' title='bbox 282 889 376 964; x_wconf 76' lang='lat' dir='ltr'><strong>dum</strong></span> <span class='ocrx_word' id='word_1_34' title='bbox 400 893 548 964; x_wconf 77' lang='lat' dir='ltr'><strong>carretis</strong></span> <span class='ocrx_word' id='word_1_35' title='bbox 568 893 730 990; x_wconf 73' lang='lat' dir='ltr'><strong>patriae</strong></span> <span class='ocrx_word' id='word_1_36' title='bbox 756 888 907 992; x_wconf 80' lang='lat' dir='ltr'><strong>legibue</strong></span> <span class='ocrx_word' id='word_1_37' title='bbox 931 885 1185 992; x_wconf 76' lang='lat' dir='ltr'><strong>obseqm&#39;meer,</strong></span> 
     </span>
    </p>
   </div>
   <div class='ocr_carea' id='block_1_4' title="bbox 95 1041 1391 4485">
    <p class='ocr_par' dir='ltr' id='par_1_4' title="bbox 127 1041 1242 1140">
     <span class='ocr_line' id='line_1_6' title="bbox 127 1041 1242 1140; baseline -0.002 -25"><span class='ocrx_word' id='word_1_38' title='bbox 127 1051 241 1116; x_wconf 82' lang='lat' dir='ltr'><strong>tamen</strong></span> <span class='ocrx_word' id='word_1_39' title='bbox 267 1067 306 1115; x_wconf 89' lang='lat' dir='ltr'><strong>ea</strong></span> <span class='ocrx_word' id='word_1_40' title='bbox 331 1067 397 1115; x_wconf 92' lang='lat' dir='ltr'><strong>non</strong></span> <span class='ocrx_word' id='word_1_41' title='bbox 424 1065 563 1138; x_wconf 88' lang='lat' dir='ltr'><strong>aequare</strong></span> <span class='ocrx_word' id='word_1_42' title='bbox 591 1041 716 1116; x_wconf 87' lang='lat' dir='ltr'><strong>Graeci</strong></span> <span class='ocrx_word' id='word_1_43' title='bbox 740 1051 859 1140; x_wconf 86' lang='lat' dir='ltr'><strong>poetae</strong></span> <span class='ocrx_word' id='word_1_44' title='bbox 885 1042 948 1114; x_wconf 81' lang='lat' dir='ltr'><strong>vim</strong></span> <span class='ocrx_word' id='word_1_45' title='bbox 975 1049 1010 1114; x_wconf 92' lang='lat' dir='ltr'><strong>et</strong></span> <span class='ocrx_word' id='word_1_46' title='bbox 1034 1043 1242 1139; x_wconf 84' lang='lat' dir='ltr'><strong>gravitatem.</strong></span> 
     </span>
    </p>

    <p class='ocr_par' dir='ltr' id='par_1_5' title="bbox 126 1144 1242 1241">
     <span class='ocr_line' id='line_1_7' title="bbox 126 1144 1242 1241; baseline 0 -23"><span class='ocrx_word' id='word_1_47' title='bbox 126 1145 225 1222; x_wconf 84' lang='lat' dir='ltr'><strong>Nilril</strong></span> <span class='ocrx_word' id='word_1_48' title='bbox 248 1145 335 1217; x_wconf 89' lang='lat' dir='ltr'><strong>enim</strong></span> <span class='ocrx_word' id='word_1_49' title='bbox 361 1144 510 1235; x_wconf 82' lang='lat' dir='ltr'><strong>adrem,</strong></span> <span class='ocrx_word' id='word_1_50' title='bbox 537 1145 627 1218; x_wconf 87' lang='lat' dir='ltr'><strong>nisos</strong></span> <span class='ocrx_word' id='word_1_51' title='bbox 654 1169 727 1218; x_wconf 87' lang='lat' dir='ltr'><strong>esse</strong></span> <span class='ocrx_word' id='word_1_52' title='bbox 753 1145 896 1218; x_wconf 88' lang='lat' dir='ltr'><strong>tumulos</strong></span> <span class='ocrx_word' id='word_1_53' title='bbox 922 1145 962 1215; x_wconf 82' lang='lat' dir='ltr'><strong>ab</strong></span> <span class='ocrx_word' id='word_1_54' title='bbox 987 1145 1140 1241; x_wconf 76' lang='lat' dir='ltr'><strong>hospitor</strong></span> <span class='ocrx_word' id='word_1_55' title='bbox 1177 1169 1242 1241; x_wconf 84' lang='lat' dir='ltr'><strong>quo</strong></span> 
     </span>
    </p>

    <p class='ocr_par' dir='ltr' id='par_1_6' title="bbox 122 1245 1242 1342">
     <span class='ocr_line' id='line_1_8' title="bbox 122 1245 1242 1342; baseline 0.006 -29"><span class='ocrx_word' id='word_1_56' title='bbox 122 1250 195 1320; x_wconf 88' lang='lat' dir='ltr'><strong>etsi</strong></span> <span class='ocrx_word' id='word_1_57' title='bbox 221 1271 285 1318; x_wconf 92' lang='lat' dir='ltr'><strong>non</strong></span> <span class='ocrx_word' id='word_1_58' title='bbox 313 1246 443 1318; x_wconf 86' lang='lat' dir='ltr'><strong>tollitur</strong></span> <span class='ocrx_word' id='word_1_59' title='bbox 466 1247 500 1317; x_wconf 92' lang='lat' dir='ltr'><strong>id</strong></span> <span class='ocrx_word' id='word_1_60' title='bbox 527 1245 616 1342; x_wconf 89' lang='lat' dir='ltr'><strong>quod</strong></span> <span class='ocrx_word' id='word_1_61' title='bbox 640 1247 812 1319; x_wconf 89' lang='lat' dir='ltr'><strong>dicendum</strong></span> <span class='ocrx_word' id='word_1_62' title='bbox 837 1254 922 1336; x_wconf 91' lang='lat' dir='ltr'><strong>erat,</strong></span> <span class='ocrx_word' id='word_1_63' title='bbox 946 1246 1057 1317; x_wconf 84' lang='lat' dir='ltr'><strong>iacere</strong></span> <span class='ocrx_word' id='word_1_64' title='bbox 1083 1271 1141 1318; x_wconf 89' lang='lat' dir='ltr'><strong>eos</strong></span> <span class='ocrx_word' id='word_1_65' title='bbox 1157 1247 1242 1339; x_wconf 90' lang='lat' dir='ltr'><strong>illic,</strong></span> 
     </span>
    </p>

    <p class='ocr_par' dir='ltr' id='par_1_7' title="bbox 127 1347 1384 1444">
     <span class='ocr_line' id='line_1_9' title="bbox 127 1347 1384 1444; baseline -0.003 -23"><span class='ocrx_word' id='word_1_66' title='bbox 127 1357 242 1422; x_wconf 85' lang='lat' dir='ltr'><strong>tamen</strong></span> <span class='ocrx_word' id='word_1_67' title='bbox 276 1347 469 1419; x_wconf 83' lang='lat' dir='ltr'><strong>obscuratur</strong></span> <span class='ocrx_word' id='word_1_68' title='bbox 502 1348 737 1443; x_wconf 87' lang='lat' dir='ltr'><strong>quodammodo</strong></span> <span class='ocrx_word' id='word_1_69' title='bbox 770 1349 832 1420; x_wconf 74' lang='lat' dir='ltr'><strong>rei*</strong></span> <span class='ocrx_word' id='word_1_70' title='bbox 852 1373 918 1420; x_wconf 93' lang='lat' dir='ltr'><strong>non</strong></span> <span class='ocrx_word' id='word_1_71' title='bbox 949 1349 1156 1444; x_wconf 73' lang='lat' dir='ltr'>necessariae</span> <span class='ocrx_word' id='word_1_72' title='bbox 1182 1348 1244 1419; x_wconf 89' lang='lat' dir='ltr'><strong>ad·</strong></span> <span class='ocrx_word' id='word_1_73' title='bbox 1378 1377 1384 1394; x_wconf 54' lang='grc' dir='ltr'><strong>ι</strong></span> 
     </span>
    </p>

    <p class='ocr_par' dir='ltr' id='par_1_8' title="bbox 124 1449 1305 1550">
     <span class='ocr_line' id='line_1_10' title="bbox 124 1449 1305 1550; baseline 0 -28"><span class='ocrx_word' id='word_1_74' title='bbox 124 1451 219 1522; x_wconf 84' lang='lat' dir='ltr'><strong>ieota</strong></span> <span class='ocrx_word' id='word_1_75' title='bbox 245 1450 429 1520; x_wconf 74' lang='lat' dir='ltr'><strong>mentione:</strong></span> <span class='ocrx_word' id='word_1_76' title='bbox 470 1449 647 1544; x_wconf 79' lang='lat' dir='ltr'><strong>eodemque</strong></span> <span class='ocrx_word' id='word_1_77' title='bbox 680 1450 777 1521; x_wconf 87' lang='lat' dir='ltr'><strong>modo</strong></span> <span class='ocrx_word' id='word_1_78' title='bbox 811 1450 969 1522; x_wconf 79' lang='lat' dir='ltr'><strong>sanctitas</strong></span> <span class='ocrx_word' id='word_1_79' title='bbox 1002 1450 1111 1546; x_wconf 80' lang='lat' dir='ltr'><strong>legum</strong></span> <span class='ocrx_word' id='word_1_80' title='bbox 1137 1451 1243 1550; x_wconf 76' lang='lat' dir='ltr'><strong>magis</strong></span> <span class='ocrx_word' id='word_1_81' title='bbox 1298 1483 1305 1488; x_wconf 87' lang='lat'><em>·</em></span> 
     </span>
    </p>

    <p class='ocr_par' dir='ltr' id='par_1_9' title="bbox 95 1551 1242 1746">
     <span class='ocr_line' id='line_1_11' title="bbox 127 1551 1242 1648; baseline 0.001 -25"><span class='ocrx_word' id='word_1_82' title='bbox 127 1551 305 1639; x_wconf 85' lang='lat' dir='ltr'><strong>elucescit,</strong></span> <span class='ocrx_word' id='word_1_83' title='bbox 332 1551 413 1620; x_wconf 92' lang='lat' dir='ltr'><strong>solis</strong></span> <span class='ocrx_word' id='word_1_84' title='bbox 439 1551 613 1621; x_wconf 89' lang='lat' dir='ltr'><strong>nominatis</strong></span> <span class='ocrx_word' id='word_1_85' title='bbox 638 1551 707 1620; x_wconf 94' lang='lat' dir='ltr'><strong>illis</strong></span> <span class='ocrx_word' id='word_1_86' title='bbox 730 1573 813 1645; x_wconf 87' lang='lat' dir='ltr'><strong>quae</strong></span> <span class='ocrx_word' id='word_1_87' title='bbox 831 1551 945 1620; x_wconf 84' lang='lat' dir='ltr'><strong>abesse</strong></span> <span class='ocrx_word' id='word_1_88' title='bbox 963 1553 1140 1644; x_wconf 78' lang='lat' dir='ltr'><strong>nequeunt,</strong></span> <span class='ocrx_word' id='word_1_89' title='bbox 1166 1552 1242 1648; x_wconf 79' lang='lat' dir='ltr'><strong>lege</strong></span> 
     </span>
     <span class='ocr_line' id='line_1_12' title="bbox 95 1651 1241 1746; baseline -0.001 -21"><span class='ocrx_word' id='word_1_90' title='bbox 95 1651 371 1746; x_wconf 44' lang='lat' dir='ltr'><strong>fet&#39;obsequio,</strong></span> <span class='ocrx_word' id='word_1_91' title='bbox 409 1673 504 1746; x_wconf 88' lang='lat' dir='ltr'><strong>quam</strong></span> <span class='ocrx_word' id='word_1_92' title='bbox 538 1651 659 1722; x_wconf 86' lang='lat' dir='ltr'><strong>diserte</strong></span> <span class='ocrx_word' id='word_1_93' title='bbox 694 1651 825 1741; x_wconf 87' lang='lat' dir='ltr'><strong>addito,</strong></span> <span class='ocrx_word' id='word_1_94' title='bbox 860 1657 990 1721; x_wconf 80' lang='lat' dir='ltr'><strong>sanetas</strong></span> <span class='ocrx_word' id='word_1_95' title='bbox 1027 1673 1100 1722; x_wconf 88' lang='lat' dir='ltr'><strong>esse</strong></span> <span class='ocrx_word' id='word_1_96' title='bbox 1135 1652 1241 1746; x_wconf 86' lang='lat' dir='ltr'><strong>leges,</strong></span> 
     </span>
    </p>

    <p class='ocr_par' dir='ltr' id='par_1_10' title="bbox 128 1745 1391 1850">
     <span class='ocr_line' id='line_1_13' title="bbox 128 1745 1391 1850; baseline -0.006 -26"><span class='ocrx_word' id='word_1_97' title='bbox 128 1777 271 1850; x_wconf 88' lang='lat' dir='ltr'><strong>quarum</strong></span> <span class='ocrx_word' id='word_1_98' title='bbox 294 1753 452 1825; x_wconf 87' lang='lat' dir='ltr'><strong>sauctitas</strong></span> <span class='ocrx_word' id='word_1_99' title='bbox 478 1752 513 1822; x_wconf 92' lang='lat' dir='ltr'><strong>in</strong></span> <span class='ocrx_word' id='word_1_100' title='bbox 535 1752 610 1849; x_wconf 90' lang='lat' dir='ltr'><strong>ipsa</strong></span> <span class='ocrx_word' id='word_1_101' title='bbox 629 1751 716 1824; x_wconf 83' lang='lat' dir='ltr'><strong>inest</strong></span> <span class='ocrx_word' id='word_1_102' title='bbox 732 1757 799 1822; x_wconf 89' lang='lat' dir='ltr'><strong>tam</strong></span> <span class='ocrx_word' id='word_1_103' title='bbox 813 1774 929 1823; x_wconf 88' lang='lat' dir='ltr'><strong>severa</strong></span> <span class='ocrx_word' id='word_1_104' title='bbox 946 1751 1133 1847; x_wconf 82' lang='lat' dir='ltr'><strong>disciplina,</strong></span> <span class='ocrx_word' id='word_1_105' title='bbox 1160 1745 1292 1848; x_wconf 81' lang='lat' dir='ltr'><strong>qnae13</strong></span> <span class='ocrx_word' id='word_1_106' title='bbox 1388 1775 1391 1782; x_wconf 75' lang='grc'>’</span> 
     </span>
    </p>

    <p class='ocr_par' dir='ltr' id='par_1_11' title="bbox 127 1853 1251 1952">
     <span class='ocr_line' id='line_1_14' title="bbox 127 1853 1251 1952; baseline -0.001 -24"><span class='ocrx_word' id='word_1_107' title='bbox 127 1857 292 1952; x_wconf 88' lang='lat' dir='ltr'><strong>imperata</strong></span> <span class='ocrx_word' id='word_1_108' title='bbox 326 1855 401 1949; x_wconf 85' lang='lat' dir='ltr'><strong>qnia</strong></span> <span class='ocrx_word' id='word_1_109' title='bbox 427 1854 588 1951; x_wconf 87' lang='lat' dir='ltr'><strong>imperata</strong></span> <span class='ocrx_word' id='word_1_110' title='bbox 614 1861 690 1924; x_wconf 93' lang='lat' dir='ltr'><strong>sunt</strong></span> <span class='ocrx_word' id='word_1_111' title='bbox 715 1853 818 1946; x_wconf 89' lang='lat' dir='ltr'><strong>facit,</strong></span> <span class='ocrx_word' id='word_1_112' title='bbox 851 1878 917 1925; x_wconf 90' lang='lat' dir='ltr'><strong>non</strong></span> <span class='ocrx_word' id='word_1_113' title='bbox 943 1853 1083 1949; x_wconf 83' lang='lat' dir='ltr'><strong>gloriam</strong></span> <span class='ocrx_word' id='word_1_114' title='bbox 1109 1855 1251 1952; x_wconf 77' lang='lat' dir='ltr'><strong>fortitu-¹</strong></span> 
     </span>
    </p>

    <p class='ocr_par' dir='ltr' id='par_1_12' title="bbox 129 1955 1243 2052">
     <span class='ocr_line' id='line_1_15' title="bbox 129 1955 1243 2052; baseline 0 -24"><span class='ocrx_word' id='word_1_115' title='bbox 129 1957 251 2048; x_wconf 83' lang='lat' dir='ltr'><strong>dinis,</strong></span> <span class='ocrx_word' id='word_1_116' title='bbox 272 1981 338 2027; x_wconf 93' lang='lat' dir='ltr'><strong>non</strong></span> <span class='ocrx_word' id='word_1_117' title='bbox 370 1956 528 2027; x_wconf 86' lang='lat' dir='ltr'><strong>honorem</strong></span> <span class='ocrx_word' id='word_1_118' title='bbox 554 1955 717 2052; x_wconf 78' lang='lat' dir='ltr'><strong>sepulcri,</strong></span> <span class='ocrx_word' id='word_1_119' title='bbox 751 1980 817 2027; x_wconf 93' lang='lat' dir='ltr'><strong>non</strong></span> <span class='ocrx_word' id='word_1_120' title='bbox 850 1979 941 2051; x_wconf 91' lang='lat' dir='ltr'><strong>spem</strong></span> <span class='ocrx_word' id='word_1_121' title='bbox 974 1955 1243 2048; x_wconf 86' lang='lat' dir='ltr'><strong>immortalitatis,</strong></span> 
     </span>
    </p>

    <p class='ocr_par' dir='ltr' id='par_1_13' title="bbox 128 2055 1244 2154">
     <span class='ocr_line' id='line_1_16' title="bbox 128 2055 1244 2154; baseline 0.001 -24"><span class='ocrx_word' id='word_1_122' title='bbox 128 2083 198 2130; x_wconf 91' lang='lat' dir='ltr'><strong>non</strong></span> <span class='ocrx_word' id='word_1_123' title='bbox 232 2058 333 2129; x_wconf 89' lang='lat' dir='ltr'><strong>ullum</strong></span> <span class='ocrx_word' id='word_1_124' title='bbox 369 2056 459 2128; x_wconf 89' lang='lat' dir='ltr'><strong>aliud</strong></span> <span class='ocrx_word' id='word_1_125' title='bbox 490 2058 670 2152; x_wconf 86' lang='lat' dir='ltr'><strong>praemium</strong></span> <span class='ocrx_word' id='word_1_126' title='bbox 705 2057 899 2154; x_wconf 78' lang='lat' dir='ltr'><strong>respiciens.</strong></span> <span class='ocrx_word' id='word_1_127' title='bbox 964 2055 1097 2130; x_wconf 85' lang='lat' dir='ltr'><strong>Docere</strong></span> <span class='ocrx_word' id='word_1_128' title='bbox 1132 2066 1244 2153; x_wconf 88' lang='lat' dir='ltr'><strong>potest</strong></span> 
     </span>
    </p>

    <p class='ocr_par' dir='ltr' id='par_1_14' title="bbox 128 2159 1244 2257">
     <span class='ocr_line' id='line_1_17' title="bbox 128 2159 1244 2257; baseline 0 -25"><span class='ocrx_word' id='word_1_129' title='bbox 128 2160 197 2232; x_wconf 87' lang='lat' dir='ltr'><strong>hoc</strong></span> <span class='ocrx_word' id='word_1_130' title='bbox 222 2159 427 2255; x_wconf 82' lang='lat' dir='ltr'><strong>exemplum,</strong></span> <span class='ocrx_word' id='word_1_131' title='bbox 468 2183 566 2254; x_wconf 88' lang='lat' dir='ltr'><strong>quum</strong></span> <span class='ocrx_word' id='word_1_132' title='bbox 599 2167 650 2230; x_wconf 91' lang='lat' dir='ltr'><strong>est</strong></span> <span class='ocrx_word' id='word_1_133' title='bbox 683 2159 723 2230; x_wconf 93' lang='lat' dir='ltr'><strong>de</strong></span> <span class='ocrx_word' id='word_1_134' title='bbox 756 2160 931 2230; x_wconf 84' lang='lat' dir='ltr'><strong>uirtutibus</strong></span> <span class='ocrx_word' id='word_1_135' title='bbox 965 2159 1095 2230; x_wconf 80' lang='lat' dir='ltr'><strong>uitiisue</strong></span> <span class='ocrx_word' id='word_1_136' title='bbox 1127 2160 1244 2257; x_wconf 86' lang='lat' dir='ltr'><strong>scripti</strong></span> 
     </span>
    </p>

    <p class='ocr_par' dir='ltr' id='par_1_15' title="bbox 130 2259 1244 2356">
     <span class='ocr_line' id='line_1_18' title="bbox 130 2259 1244 2356; baseline 0.001 -24"><span class='ocrx_word' id='word_1_137' title='bbox 130 2262 271 2334; x_wconf 87' lang='lat' dir='ltr'><strong>alieuius</strong></span> <span class='ocrx_word' id='word_1_138' title='bbox 298 2260 542 2351; x_wconf 88' lang='lat' dir='ltr'><strong>disserendam,</strong></span> <span class='ocrx_word' id='word_1_139' title='bbox 579 2261 716 2332; x_wconf 91' lang='lat' dir='ltr'><strong>multum</strong></span> <span class='ocrx_word' id='word_1_140' title='bbox 749 2260 791 2356; x_wconf 89' lang='lat' dir='ltr'><strong>ad</strong></span> <span class='ocrx_word' id='word_1_141' title='bbox 822 2260 856 2331; x_wconf 93' lang='lat' dir='ltr'><strong>id</strong></span> <span class='ocrx_word' id='word_1_142' title='bbox 890 2259 1041 2332; x_wconf 80' lang='lat' dir='ltr'><strong>conferre</strong></span> <span class='ocrx_word' id='word_1_143' title='bbox 1068 2262 1244 2334; x_wconf 83' lang='lat' dir='ltr'><strong>uerborum</strong></span> 
     </span>
    </p>

    <p class='ocr_par' dir='ltr' id='par_1_16' title="bbox 130 2359 1243 2436">
     <span class='ocr_line' id='line_1_19' title="bbox 130 2359 1243 2436; baseline -0.001 -1"><span class='ocrx_word' id='word_1_144' title='bbox 130 2363 406 2435; x_wconf 79' lang='lat' dir='ltr'><strong>sententiarumve</strong></span> <span class='ocrx_word' id='word_1_145' title='bbox 433 2361 667 2432; x_wconf 79' lang='lat' dir='ltr'><strong>detractionem</strong></span> <span class='ocrx_word' id='word_1_146' title='bbox 694 2361 747 2431; x_wconf 83' lang='lat' dir='ltr'><strong>uel</strong></span> <span class='ocrx_word' id='word_1_147' title='bbox 773 2359 990 2432; x_wconf 85' lang='lat' dir='ltr'><strong>adiectionem</strong></span> <span class='ocrx_word' id='word_1_148' title='bbox 1015 2363 1069 2432; x_wconf 85' lang='lat' dir='ltr'><strong>vel</strong></span> <span class='ocrx_word' id='word_1_149' title='bbox 1087 2364 1243 2436; x_wconf 86' lang='lat' dir='ltr'><strong>mutatio-</strong></span> 
     </span>
    </p>

    <p class='ocr_par' dir='ltr' id='par_1_17' title="bbox 129 2461 1288 2559">
     <span class='ocr_line' id='line_1_20' title="bbox 129 2461 1288 2559; baseline -0.003 -23"><span class='ocrx_word' id='word_1_150' title='bbox 129 2489 219 2536; x_wconf 85' lang='lat' dir='ltr'><strong>nem.</strong></span> <span class='ocrx_word' id='word_1_151' title='bbox 271 2461 499 2559; x_wconf 87' lang='lat' dir='ltr'><strong>Comparando</strong></span> <span class='ocrx_word' id='word_1_152' title='bbox 527 2463 612 2532; x_wconf 90' lang='lat' dir='ltr'><strong>enim</strong></span> <span class='ocrx_word' id='word_1_153' title='bbox 637 2461 794 2533; x_wconf 83' lang='lat' dir='ltr'><strong>facillime</strong></span> <span class='ocrx_word' id='word_1_154' title='bbox 820 2461 899 2556; x_wconf 88' lang='lat' dir='ltr'><strong>quid</strong></span> <span class='ocrx_word' id='word_1_155' title='bbox 919 2462 1042 2534; x_wconf 84' lang='lat' dir='ltr'><strong>rectius</strong></span> <span class='ocrx_word' id='word_1_156' title='bbox 1065 2464 1119 2532; x_wconf 84' lang='lat' dir='ltr'><strong>uel</strong></span> <span class='ocrx_word' id='word_1_157' title='bbox 1136 2464 1243 2536; x_wconf 88' lang='lat' dir='ltr'><strong>minus</strong></span> <span class='ocrx_word' id='word_1_158' title='bbox 1285 2526 1288 2532; x_wconf 89' lang='lat'>.</span> 
     </span>
    </p>

    <p class='ocr_par' dir='ltr' id='par_1_18' title="bbox 129 2563 565 2658">
     <span class='ocr_line' id='line_1_21' title="bbox 129 2563 565 2658; baseline -0.016 -20"><span class='ocrx_word' id='word_1_159' title='bbox 129 2575 259 2638; x_wconf 91' lang='lat' dir='ltr'><strong>rectum</strong></span> <span class='ocrx_word' id='word_1_160' title='bbox 285 2565 329 2635; x_wconf 88' lang='lat' dir='ltr'><strong>sit</strong></span> <span class='ocrx_word' id='word_1_161' title='bbox 353 2563 565 2658; x_wconf 80' lang='lat' dir='ltr'><strong>perspicitur.</strong></span> 
     </span>
    </p>

    <p class='ocr_par' dir='ltr' id='par_1_19' title="bbox 115 2659 1368 4485">
     <span class='ocr_line' id='line_1_22' title="bbox 233 2659 1245 2757; baseline -0.003 -22"><span class='ocrx_word' id='word_1_162' title='bbox 233 2665 376 2735; x_wconf 80' lang='lat' dir='ltr'><strong>Maioris</strong></span> <span class='ocrx_word' id='word_1_163' title='bbox 409 2671 443 2732; x_wconf 93' lang='lat' dir='ltr'><strong>et</strong></span> <span class='ocrx_word' id='word_1_164' title='bbox 468 2685 567 2757; x_wconf 87' lang='lat' dir='ltr'><strong>saepe</strong></span> <span class='ocrx_word' id='word_1_165' title='bbox 595 2659 793 2732; x_wconf 84' lang='lat' dir='ltr'><strong>difficilioris</strong></span> <span class='ocrx_word' id='word_1_166' title='bbox 820 2682 941 2756; x_wconf 89' lang='lat' dir='ltr'><strong>operae</strong></span> <span class='ocrx_word' id='word_1_167' title='bbox 966 2666 1038 2750; x_wconf 84' lang='lat' dir='ltr'><strong>est,</strong></span> <span class='ocrx_word' id='word_1_168' title='bbox 1071 2660 1245 2732; x_wconf 86' lang='lat' dir='ltr'><strong>consilinm</strong></span> 
     </span>
     <span class='ocr_line' id='line_1_23' title="bbox 131 2761 1245 2863; baseline -0.006 -23"><span class='ocrx_word' id='word_1_169' title='bbox 131 2765 307 2863; x_wconf 87' lang='lat' dir='ltr'><strong>scriptoris</strong></span> <span class='ocrx_word' id='word_1_170' title='bbox 333 2771 499 2858; x_wconf 88' lang='lat' dir='ltr'><strong>totamque</strong></span> <span class='ocrx_word' id='word_1_171' title='bbox 525 2761 636 2858; x_wconf 89' lang='lat' dir='ltr'><strong>operis</strong></span> <span class='ocrx_word' id='word_1_172' title='bbox 655 2761 924 2858; x_wconf 89' lang='lat' dir='ltr'><strong>compositionem</strong></span> <span class='ocrx_word' id='word_1_173' title='bbox 944 2761 1135 2858; x_wconf 85' lang='lat' dir='ltr'><strong>explanare.</strong></span> <span class='ocrx_word' id='word_1_174' title='bbox 1178 2761 1245 2833; x_wconf 86' lang='lat' dir='ltr'><strong>Af-</strong></span> 
     </span>
     <span class='ocr_line' id='line_1_24' title="bbox 129 2863 1368 2961; baseline -0.004 -20"><span class='ocrx_word' id='word_1_175' title='bbox 129 2871 235 2942; x_wconf 80' lang='lat' dir='ltr'><strong>feram</strong></span> <span class='ocrx_word' id='word_1_176' title='bbox 261 2866 359 2938; x_wconf 84' lang='lat' dir='ltr'><strong>lunius</strong></span> <span class='ocrx_word' id='word_1_177' title='bbox 385 2889 513 2961; x_wconf 86' lang='lat' dir='ltr'><strong>quoque</strong></span> <span class='ocrx_word' id='word_1_178' title='bbox 534 2864 665 2960; x_wconf 84' lang='lat' dir='ltr'><strong>generis</strong></span> <span class='ocrx_word' id='word_1_179' title='bbox 682 2864 845 2960; x_wconf 84' lang='lat' dir='ltr'><strong>exempla,</strong></span> <span class='ocrx_word' id='word_1_180' title='bbox 874 2887 968 2959; x_wconf 88' lang='lat' dir='ltr'><strong>quae,</strong></span> <span class='ocrx_word' id='word_1_181' title='bbox 996 2863 1148 2960; x_wconf 70' lang='lat' dir='ltr'><strong>quonism</strong></span> <span class='ocrx_word' id='word_1_182' title='bbox 1164 2863 1244 2937; x_wconf 85' lang='lat' dir='ltr'><strong>milri</strong></span> <span class='ocrx_word' id='word_1_183' title='bbox 1365 2863 1368 2872; x_wconf 86' lang='grc'>’</span> 
     </span>
     <span class='ocr_line' id='line_1_25' title="bbox 115 2963 1249 3067; baseline -0.005 -23"><span class='ocrx_word' id='word_1_184' title='bbox 115 2971 265 3067; x_wconf 68' lang='lat' dir='ltr'><strong>‘longios</strong></span> <span class='ocrx_word' id='word_1_185' title='bbox 292 2967 431 3040; x_wconf 90' lang='lat' dir='ltr'><strong>abeundi</strong></span> <span class='ocrx_word' id='word_1_186' title='bbox 456 2991 522 3038; x_wconf 92' lang='lat' dir='ltr'><strong>non</strong></span> <span class='ocrx_word' id='word_1_187' title='bbox 549 2975 600 3038; x_wconf 90' lang='lat' dir='ltr'><strong>est</strong></span> <span class='ocrx_word' id='word_1_188' title='bbox 626 2967 740 3056; x_wconf 89' lang='lat' dir='ltr'><strong>otium,</strong></span> <span class='ocrx_word' id='word_1_189' title='bbox 768 2983 812 3036; x_wconf 60' lang='lat' dir='ltr'><strong>ex*</strong></span> <span class='ocrx_word' id='word_1_190' title='bbox 835 2963 974 3036; x_wconf 90' lang='lat' dir='ltr'><strong>Pindari</strong></span> <span class='ocrx_word' id='word_1_191' title='bbox 988 2963 1132 3060; x_wconf 79' lang='lat' dir='ltr'><strong>Pythiis,</strong></span> <span class='ocrx_word' id='word_1_192' title='bbox 1160 2969 1249 3063; x_wconf 78' lang='lat' dir='ltr'><strong>quae&#39;</strong></span> 
     </span>
     <span class='ocr_line' id='line_1_26' title="bbox 133 3059 1242 3166; baseline -0.005 -21"><span class='ocrx_word' id='word_1_193' title='bbox 133 3074 198 3145; x_wconf 86' lang='lat' dir='ltr'><strong>lroc</strong></span> <span class='ocrx_word' id='word_1_194' title='bbox 230 3080 378 3166; x_wconf 85' lang='lat' dir='ltr'><strong>tempore</strong></span> <span class='ocrx_word' id='word_1_195' title='bbox 411 3069 541 3166; x_wconf 87' lang='lat' dir='ltr'><strong>publice</strong></span> <span class='ocrx_word' id='word_1_196' title='bbox 575 3069 794 3164; x_wconf 89' lang='lat' dir='ltr'><strong>interpretor,</strong></span> <span class='ocrx_word' id='word_1_197' title='bbox 830 3059 1032 3164; x_wconf 82' lang='lat' dir='ltr'><strong>expromam.</strong></span> <span class='ocrx_word' id='word_1_198' title='bbox 1093 3066 1242 3160; x_wconf 83' lang='lat' dir='ltr'><strong>Euimie,</strong></span> 
     </span>
     <span class='ocr_line' id='line_1_27' title="bbox 133 3168 1243 3270; baseline -0.005 -24"><span class='ocrx_word' id='word_1_199' title='bbox 133 3197 238 3270; x_wconf 88' lang='lat' dir='ltr'><strong>neque</strong></span> <span class='ocrx_word' id='word_1_200' title='bbox 264 3171 439 3262; x_wconf 78' lang='lat' dir='ltr'><strong>immerito,</strong></span> <span class='ocrx_word' id='word_1_201' title='bbox 465 3170 618 3242; x_wconf 89' lang='lat' dir='ltr'><strong>laudatur</strong></span> <span class='ocrx_word' id='word_1_202' title='bbox 639 3171 779 3268; x_wconf 86' lang='lat' dir='ltr'><strong>primum</strong></span> <span class='ocrx_word' id='word_1_203' title='bbox 800 3194 929 3242; x_wconf 88' lang='lat' dir='ltr'><strong>carmen</strong></span> <span class='ocrx_word' id='word_1_204' title='bbox 943 3168 1130 3264; x_wconf 83' lang='lat' dir='ltr'><strong>Pythicum,</strong></span> <span class='ocrx_word' id='word_1_205' title='bbox 1158 3170 1243 3242; x_wconf 88' lang='lat' dir='ltr'><strong>scri-</strong></span> 
     </span>
     <span class='ocr_line' id='line_1_28' title="bbox 133 3269 1363 3372; baseline -0.002 -26"><span class='ocrx_word' id='word_1_206' title='bbox 133 3283 225 3372; x_wconf 90' lang='lat' dir='ltr'><strong>ptum</strong></span> <span class='ocrx_word' id='word_1_207' title='bbox 250 3272 410 3362; x_wconf 89' lang='lat' dir='ltr'><strong>Hieroni,</strong></span> <span class='ocrx_word' id='word_1_208' title='bbox 436 3272 508 3368; x_wconf 80' lang='lat' dir='ltr'><strong>regi</strong></span> <span class='ocrx_word' id='word_1_209' title='bbox 533 3269 790 3366; x_wconf 77' lang='lat' dir='ltr'><strong>Syracusarum,</strong></span> <span class='ocrx_word' id='word_1_210' title='bbox 824 3273 880 3368; x_wconf 89' lang='lat' dir='ltr'><strong>qui</strong></span> <span class='ocrx_word' id='word_1_211' title='bbox 905 3296 1004 3367; x_wconf 86' lang='lat' dir='ltr'><strong>quum</strong></span> <span class='ocrx_word' id='word_1_212' title='bbox 1028 3271 1141 3366; x_wconf 88' lang='lat' dir='ltr'><strong>paullo</strong></span> <span class='ocrx_word' id='word_1_213' title='bbox 1166 3279 1244 3368; x_wconf 86' lang='lat' dir='ltr'><strong>post</strong></span> <span class='ocrx_word' id='word_1_214' title='bbox 1303 3297 1306 3304; x_wconf 84' lang='lat'>·</span> <span class='ocrx_word' id='word_1_215' title='bbox 1360 3303 1363 3314; x_wconf 89' lang='lat'>·</span> 
     </span>
     <span class='ocr_line' id='line_1_29' title="bbox 134 3371 1258 3472; baseline -0.005 -24"><span class='ocrx_word' id='word_1_216' title='bbox 134 3400 286 3472; x_wconf 84' lang='lat' dir='ltr'><strong>magnum</strong></span> <span class='ocrx_word' id='word_1_217' title='bbox 310 3375 438 3444; x_wconf 89' lang='lat' dir='ltr'><strong>Aetnae</strong></span> <span class='ocrx_word' id='word_1_218' title='bbox 470 3374 589 3443; x_wconf 91' lang='lat' dir='ltr'><strong>montis</strong></span> <span class='ocrx_word' id='word_1_219' title='bbox 614 3373 797 3444; x_wconf 88' lang='lat' dir='ltr'><strong>incendium</strong></span> <span class='ocrx_word' id='word_1_220' title='bbox 826 3371 984 3445; x_wconf 88' lang='lat' dir='ltr'><strong>Catanam</strong></span> <span class='ocrx_word' id='word_1_221' title='bbox 1009 3374 1141 3464; x_wconf 88' lang='lat' dir='ltr'><strong>urbem,</strong></span> <span class='ocrx_word' id='word_1_222' title='bbox 1172 3373 1258 3443; x_wconf 64' lang='lat' dir='ltr'><strong>alio&lt;</strong></span> 
     </span>
     <span class='ocr_line' id='line_1_30' title="bbox 135 3472 1244 3570; baseline -0.004 -20"><span class='ocrx_word' id='word_1_223' title='bbox 135 3477 295 3550; x_wconf 86' lang='lat' dir='ltr'><strong>traductis</strong></span> <span class='ocrx_word' id='word_1_224' title='bbox 322 3475 393 3546; x_wconf 91' lang='lat' dir='ltr'><strong>eius</strong></span> <span class='ocrx_word' id='word_1_225' title='bbox 419 3473 668 3564; x_wconf 86' lang='lat' dir='ltr'><strong>habitatoribus,</strong></span> <span class='ocrx_word' id='word_1_226' title='bbox 695 3472 914 3568; x_wconf 86' lang='lat' dir='ltr'><strong>Syracusanis</strong></span> <span class='ocrx_word' id='word_1_227' title='bbox 939 3475 1079 3570; x_wconf 86' lang='lat' dir='ltr'><strong>aliisque</strong></span> <span class='ocrx_word' id='word_1_228' title='bbox 1105 3495 1149 3545; x_wconf 87' lang='lat' dir='ltr'><strong>ex</strong></span> <span class='ocrx_word' id='word_1_229' title='bbox 1174 3472 1244 3546; x_wconf 93' lang='lat' dir='ltr'><strong>Pe-</strong></span> 
     </span>
     <span class='ocr_line' id='line_1_31' title="bbox 135 3574 1243 3677; baseline -0.001 -29"><span class='ocrx_word' id='word_1_230' title='bbox 135 3579 317 3677; x_wconf 91' lang='lat' dir='ltr'><strong>loponneso</strong></span> <span class='ocrx_word' id='word_1_231' title='bbox 343 3574 463 3646; x_wconf 88' lang='lat' dir='ltr'><strong>Dorici</strong></span> <span class='ocrx_word' id='word_1_232' title='bbox 488 3575 618 3669; x_wconf 86' lang='lat' dir='ltr'><strong>generis</strong></span> <span class='ocrx_word' id='word_1_233' title='bbox 643 3575 848 3646; x_wconf 90' lang='lat' dir='ltr'><strong>incolendam</strong></span> <span class='ocrx_word' id='word_1_234' title='bbox 874 3576 1030 3668; x_wconf 85' lang='lat' dir='ltr'><strong>dedisset,</strong></span> <span class='ocrx_word' id='word_1_235' title='bbox 1051 3583 1243 3672; x_wconf 82' lang='lat' dir='ltr'><strong>¹mutataque</strong></span> 
     </span>
     <span class='ocr_line' id='line_1_32' title="bbox 135 3676 1244 3777; baseline -0.004 -25"><span class='ocrx_word' id='word_1_236' title='bbox 135 3679 357 3777; x_wconf 86' lang='lat' dir='ltr'><strong>appellatione</strong></span> <span class='ocrx_word' id='word_1_237' title='bbox 382 3677 523 3756; x_wconf 85' lang='lat' dir='ltr'><strong>Aetnam</strong></span> <span class='ocrx_word' id='word_1_238' title='bbox 548 3676 767 3765; x_wconf 87' lang='lat' dir='ltr'><strong>nominasset,</strong></span> <span class='ocrx_word' id='word_1_239' title='bbox 788 3677 897 3772; x_wconf 12' lang='lat' dir='ltr'><strong>,eique</strong></span> <span class='ocrx_word' id='word_1_240' title='bbox 929 3677 1033 3748; x_wconf 91' lang='lat' dir='ltr'><strong>filium</strong></span> <span class='ocrx_word' id='word_1_241' title='bbox 1058 3681 1151 3748; x_wconf 85' lang='lat' dir='ltr'><strong>suum</strong></span> <span class='ocrx_word' id='word_1_242' title='bbox 1176 3677 1244 3748; x_wconf 90' lang='lat' dir='ltr'><strong>lli-</strong></span> 
     </span>
     <span class='ocr_line' id='line_1_33' title="bbox 135 3776 1244 3875; baseline -0.005 -21"><span class='ocrx_word' id='word_1_243' title='bbox 135 3805 305 3854; x_wconf 89' lang='lat' dir='ltr'><strong>nomenem</strong></span> <span class='ocrx_word' id='word_1_244' title='bbox 331 3778 565 3874; x_wconf 85' lang='lat' dir='ltr'><strong>praefecisset,</strong></span> <span class='ocrx_word' id='word_1_245' title='bbox 598 3776 683 3848; x_wconf 87' lang='lat' dir='ltr'><strong>lanc</strong></span> <span class='ocrx_word' id='word_1_246' title='bbox 711 3776 824 3848; x_wconf 85' lang='lat' dir='ltr'><strong>urbem</strong></span> <span class='ocrx_word' id='word_1_247' title='bbox 848 3779 1034 3851; x_wconf 83' lang='lat' dir='ltr'><strong>nobilitavit</strong></span> <span class='ocrx_word' id='word_1_248' title='bbox 1059 3803 1120 3870; x_wconf 92' lang='lat' dir='ltr'><strong>eo,</strong></span> <span class='ocrx_word' id='word_1_249' title='bbox 1157 3778 1244 3875; x_wconf 90' lang='lat' dir='ltr'><strong>qnod</strong></span> 
     </span>
     <span class='ocr_line' id='line_1_34' title="bbox 136 3877 1242 3978; baseline -0.002 -24"><span class='ocrx_word' id='word_1_250' title='bbox 136 3907 186 3974; x_wconf 91' lang='lat' dir='ltr'><strong>se,</strong></span> <span class='ocrx_word' id='word_1_251' title='bbox 197 3914 200 3920; x_wconf 55' lang='lat'><strong><em>¹</em></strong></span> <span class='ocrx_word' id='word_1_252' title='bbox 213 3906 311 3978; x_wconf 88' lang='lat' dir='ltr'><strong>quum</strong></span> <span class='ocrx_word' id='word_1_253' title='bbox 330 3879 451 3974; x_wconf 82' lang='lat' dir='ltr'><strong>Pythia</strong></span> <span class='ocrx_word' id='word_1_254' title='bbox 468 3879 614 3971; x_wconf 88' lang='lat' dir='ltr'><strong>vicisset,</strong></span> <span class='ocrx_word' id='word_1_255' title='bbox 638 3877 821 3950; x_wconf 82' lang='lat' dir='ltr'><strong>Aetnaeum</strong></span> <span class='ocrx_word' id='word_1_256' title='bbox 838 3881 1024 3952; x_wconf 84' lang='lat' dir='ltr'><strong>renunciari</strong></span> <span class='ocrx_word' id='word_1_257' title='bbox 1041 3881 1149 3952; x_wconf 90' lang='lat' dir='ltr'><strong>iussit.</strong></span> <span class='ocrx_word' id='word_1_258' title='bbox 1182 3879 1242 3956; x_wconf 81' lang='lat' dir='ltr'><strong>Eo</strong></span> 
     </span>
     <span class='ocr_line' id='line_1_35' title="bbox 136 3981 1243 4081; baseline 0 -27"><span class='ocrx_word' id='word_1_259' title='bbox 136 3985 240 4081; x_wconf 86' lang='lat' dir='ltr'><strong>igitur</strong></span> <span class='ocrx_word' id='word_1_260' title='bbox 264 3983 299 4054; x_wconf 93' lang='lat' dir='ltr'><strong>in</strong></span> <span class='ocrx_word' id='word_1_261' title='bbox 325 3981 466 4055; x_wconf 88' lang='lat' dir='ltr'><strong>carmine</strong></span> <span class='ocrx_word' id='word_1_262' title='bbox 493 4003 590 4075; x_wconf 90' lang='lat' dir='ltr'><strong>quum</strong></span> <span class='ocrx_word' id='word_1_263' title='bbox 615 3988 714 4076; x_wconf 89' lang='lat' dir='ltr'><strong>poeta</strong></span> <span class='ocrx_word' id='word_1_264' title='bbox 736 3988 769 4051; x_wconf 93' lang='lat' dir='ltr'><strong>et</strong></span> <span class='ocrx_word' id='word_1_265' title='bbox 787 3981 848 4051; x_wconf 85' lang='lat' dir='ltr'><strong>has</strong></span> <span class='ocrx_word' id='word_1_266' title='bbox 867 4005 934 4072; x_wconf 86' lang='lat' dir='ltr'><strong>res,</strong></span> <span class='ocrx_word' id='word_1_267' title='bbox 962 4005 1041 4078; x_wconf 88' lang='lat' dir='ltr'><strong>quas</strong></span> <span class='ocrx_word' id='word_1_268' title='bbox 1061 3983 1243 4079; x_wconf 80' lang='lat' dir='ltr'><strong>praeterire</strong></span> 
     </span>
     <span class='ocr_line' id='line_1_36' title="bbox 136 4081 1242 4182; baseline -0.002 -24"><span class='ocrx_word' id='word_1_269' title='bbox 136 4109 204 4158; x_wconf 91' lang='lat' dir='ltr'><strong>non</strong></span> <span class='ocrx_word' id='word_1_270' title='bbox 229 4091 378 4182; x_wconf 85' lang='lat' dir='ltr'><strong>poterat,</strong></span> <span class='ocrx_word' id='word_1_271' title='bbox 413 4090 446 4154; x_wconf 93' lang='lat' dir='ltr'><strong>et</strong></span> <span class='ocrx_word' id='word_1_272' title='bbox 471 4081 573 4152; x_wconf 88' lang='lat' dir='ltr'><strong>multu</strong></span> <span class='ocrx_word' id='word_1_273' title='bbox 598 4089 770 4177; x_wconf 86' lang='lat' dir='ltr'><strong>praeterea</strong></span> <span class='ocrx_word' id='word_1_274' title='bbox 802 4083 867 4154; x_wconf 88' lang='lat' dir='ltr'><strong>alia</strong></span> <span class='ocrx_word' id='word_1_275' title='bbox 899 4085 1059 4182; x_wconf 83' lang='lat' dir='ltr'><strong>attingat,</strong></span> <span class='ocrx_word' id='word_1_276' title='bbox 1092 4084 1242 4174; x_wconf 88' lang='lat' dir='ltr'><strong>liberius,</strong></span> 
     </span>
     <span class='ocr_line' id='line_1_37' title="bbox 139 4183 1348 4280; baseline -0.002 -21"><span class='ocrx_word' id='word_1_277' title='bbox 139 4195 175 4259; x_wconf 91' lang='lat' dir='ltr'><strong>ut</strong></span> <span class='ocrx_word' id='word_1_278' title='bbox 199 4211 271 4259; x_wconf 87' lang='lat' dir='ltr'><strong>mos</strong></span> <span class='ocrx_word' id='word_1_279' title='bbox 297 4195 348 4258; x_wconf 91' lang='lat' dir='ltr'><strong>est</strong></span> <span class='ocrx_word' id='word_1_280' title='bbox 372 4186 567 4280; x_wconf 58' lang='lat' dir='ltr'><strong>lyricoruum</strong></span> <span class='ocrx_word' id='word_1_281' title='bbox 600 4183 661 4254; x_wconf 90' lang='lat' dir='ltr'><strong>illa</strong></span> <span class='ocrx_word' id='word_1_282' title='bbox 690 4185 779 4259; x_wconf 88' lang='lat' dir='ltr'><strong>inter</strong></span> <span class='ocrx_word' id='word_1_283' title='bbox 810 4195 846 4256; x_wconf 90' lang='lat' dir='ltr'><strong>se</strong></span> <span class='ocrx_word' id='word_1_284' title='bbox 878 4195 1099 4258; x_wconf 73' lang='lat' dir='ltr'><strong>connectense</strong></span> <span class='ocrx_word' id='word_1_285' title='bbox 1134 4185 1244 4257; x_wconf 83' lang='lat' dir='ltr'><strong>diuer-</strong></span> <span class='ocrx_word' id='word_1_286' title='bbox 1346 4183 1348 4188; x_wconf 78' lang='grc'><strong>’</strong></span> 
     </span>
     <span class='ocr_line' id='line_1_38' title="bbox 139 4284 1244 4382; baseline -0.004 -22"><span class='ocrx_word' id='word_1_287' title='bbox 139 4289 273 4362; x_wconf 81' lang='lat' dir='ltr'><strong>sissime·</strong></span> <span class='ocrx_word' id='word_1_288' title='bbox 292 4287 469 4360; x_wconf 84' lang='lat' dir='ltr'><strong>iudicatum</strong></span> <span class='ocrx_word' id='word_1_289' title='bbox 495 4285 640 4364; x_wconf 85' lang='lat' dir='ltr'><strong>videmus</strong></span> <span class='ocrx_word' id='word_1_290' title='bbox 666 4284 707 4356; x_wconf 92' lang='lat' dir='ltr'><strong>de</strong></span> <span class='ocrx_word' id='word_1_291' title='bbox 733 4286 803 4357; x_wconf 88' lang='lat' dir='ltr'><strong>eins</strong></span> <span class='ocrx_word' id='word_1_292' title='bbox 831 4287 969 4360; x_wconf 87' lang='lat' dir='ltr'><strong>consilio</strong></span> <span class='ocrx_word' id='word_1_293' title='bbox 996 4287 1147 4382; x_wconf 90' lang='lat' dir='ltr'><strong>omnique</strong></span> <span class='ocrx_word' id='word_1_294' title='bbox 1173 4295 1244 4362; x_wconf 87' lang='lat' dir='ltr'><strong>tra·</strong></span> 
     </span>
     <span class='ocr_line' id='line_1_39' title="bbox 139 4385 1244 4485; baseline 0 -23"><span class='ocrx_word' id='word_1_295' title='bbox 139 4391 282 4463; x_wconf 80' lang='lat' dir='ltr'><strong>clatione</strong></span> <span class='ocrx_word' id='word_1_296' title='bbox 307 4389 398 4460; x_wconf 91' lang='lat' dir='ltr'><strong>illius</strong></span> <span class='ocrx_word' id='word_1_297' title='bbox 423 4387 617 4485; x_wconf 85' lang='lat' dir='ltr'><strong>argumenti.</strong></span> <span class='ocrx_word' id='word_1_298' title='bbox 669 4385 766 4478; x_wconf 77' lang='lat' dir='ltr'><strong>Quod</strong></span> <span class='ocrx_word' id='word_1_299' title='bbox 791 4389 821 4459; x_wconf 91' lang='lat' dir='ltr'><strong>si</strong></span> <span class='ocrx_word' id='word_1_300' title='bbox 845 4391 1043 4483; x_wconf 83' lang='lat' dir='ltr'><strong>quaerimus,</strong></span> <span class='ocrx_word' id='word_1_301' title='bbox 1071 4386 1148 4483; x_wconf 87' lang='lat' dir='ltr'><strong>qnid</strong></span> <span class='ocrx_word' id='word_1_302' title='bbox 1163 4411 1244 4485; x_wconf 89' lang='lat' dir='ltr'><strong>pro·</strong></span> 
     </span>
    </p>
   </div>
   <div class='ocr_carea' id='block_1_5' title="bbox 0 0 1554 5050">
    <p class='ocr_par' dir='ltr' id='par_1_20' title="bbox 0 0 1554 5050">
     <span class='ocr_line' id='line_1_40' title="bbox 0 0 1554 5050; baseline 0 0"><span class='ocrx_word' id='word_1_303' title='bbox 0 0 1554 5050; x_wconf 95' lang='lat' dir='ltr'><strong> </strong></span> 
     </span>
    </p>
   </div>
  </div>
 </body>
</html>
