3086 5050
352 315 361 332 ·
407 365 462 428 DE
481 365 726 428 anconitano
748 366 975 431 cameraco.
1181 363 1247 436 Μ
1304 306 1309 332 Ι

18 598 21 610 .
133 531 252 624 rietes,
278 531 396 628 quibus
412 523 728 625 disterminarentur,
753 533 913 630 ampliore
932 533 1165 630 spatio,'quam
1183 549 1244 632 pro

79 629 82 638 ’
136 635 204 708 loci
230 643 359 726 natura,
386 659 469 730 opus
494 635 607 710 inisse.
658 635 713 708 Ita
740 659 821 707 rero·
834 636 937 708 satius
955 643 1026 708 erat
1042 637 1151 708 nullos
1169 661 1246 708 car·

138 760 232 810 ceres
257 759 345 810 csse.
395 734 472 809 Non
498 738 583 810 euim
609 761 807 834 magnopere
827 737 1003 809 verendum
1029 745 1100 809 erat
1117 761 1157 809 no
1173 738 1245 812 sine

137 838 306 935 repagulis
331 837 509 912 ferocirent
540 839 615 936 equi
641 863 771 912 cursum
797 847 1010 935 expetentes,
1050 839 1171 935 quippe
1197 840 1246 912 si-

135 964 236 1036 gnum
263 947 456 1035 exspectare
489 941 648 1032 exerciti,
685 949 722 1012 nt
754 941 831 1035 equi
861 940 1034 1013 militares.
1092 940 1246 1032 Quodsi
1324 984 1328 1000 ·

137 1029 246 1116 tamen
270 1037 381 1136 aliquo
406 1042 503 1115 modo
529 1042 704 1116 coercendi
728 1041 889 1132 inissent,
923 1043 1004 1114 satis
1030 1050 1101 1116 emt
1124 1043 1245 1117 bacam

136 1142 326 1240 praetendi,
360 1167 444 1238 quae
475 1145 571 1240 signo
597 1144 675 1217 dato
700 1142 846 1242 caderet.
897 1142 1024 1216 Verum
1048 1143 1246 1240 relinquitur

136 1244 203 1316 alia
228 1243 401 1317 dubitatio.
458 1243 542 1318 Nam
575 1270 672 1342 quum
706 1245 762 1341 qui
788 1246 945 1318 certaturi
970 1253 1064 1318 amnt
1088 1269 1173 1336 nou,
1208 1253 1247 1320 ut

136 1345 224 1442 apud
249 1345 437 1438 Romanos,
476 1347 625 1445 pluribus
656 1347 812 1443 deinceps
843 1346 1016 1439 missibus,
1057 1335 1116 1420 sed
1148 1345 1247 1420 simul

137 1471 250 1520 omnes
276 1458 457 1539 currerent,
484 1449 613 1544 qnando
639 1473 744 1544 neque
770 1445 923 1544 ἔφεδρος
947 1448 982 1519 in
1004 1450 1150 1544 equestri
1171 1473 1247 1528 cer-
1296 1503 1300 1511 1

137 1548 257 1620 tamine
282 1547 540 1646 relinquebatur,
568 1559 601 1622 et
626 1575 710 1622 unns
735 1558 862 1622 tantum
888 1574 931 1621 ex
956 1552 1105 1622 omnibus
1131 1550 1247 1624 victri-

136 1673 217 1723 cem.
235 1674 388 1724 coronam
415 1651 616 1748 accipiebat,
654 1651 796 1724 dubitari
830 1659 941 1747 potest
973 1673 1014 1722 an
1048 1660 1099 1724 tot
1130 1675 1246 1724 currus
1284 1729 1286 1738 ,

137 1759 217 1848 quot
243 1752 407 1825 venisseut
432 1761 466 1824 et
490 1761 579 1826 stare
603 1753 739 1826 iunctim
757 1760 792 1827 et
808 1775 940 1825 currere
957 1753 1137 1848 potuerint.
1176 1751 1207 1824 F
1209 1777 1248 1824 e-
1389 1769 1392 1784 ’
1470 1735 1473 1745 ⁴

136 1853 184 1924 cit
209 1852 409 1927 Viscontius
428 1855 463 1928 in
489 1878 554 1926 nra
579 1852 693 1951 oppidi
717 1854 771 1926 ala
796 1877 948 1926 carceres
974 1852 1088 1943 VIII,
1113 1853 1247 1927 Hirtius

100 1998 104 2004 ·
135 1952 216 2046 XI,
241 1963 279 2028 ut
303 1956 452 2028 aturribus
477 1957 512 2029 in
538 1964 610 2029 toto
636 1955 758 2053 oppido
784 1954 891 2028 XVI.
918 1956 969 2028 vel
996 1954 1126 2028 XXII.
1151 1956 1247 2030 locus

135 2049 248 2130 fucrit
306 2054 397 2132 Sane
429 2055 617 2156 Sophocles
647 2059 682 2129 in
712 2055 851 2130 Electra
875 2056 1049 2152 Pythicum
1083 2065 1248 2132 certamen

135 2156 248 2231 decem
275 2159 424 2231 curribus
449 2168 557 2233 actum
583 2159 779 2255 descripsit:
813 2157 872 2231 sed
897 2159 962 2231 ista
987 2159 1066 2232 ficta
1091 2166 1186 2249 sunt,
1213 2166 1248 2232 et
1290 2175 1298 2187 “

135 2259 248 2358 plures
274 2260 304 2330 si
329 2273 552 2332 enumerasset
576 2269 695 2356 poeta,
731 2261 906 2356 fatigasset
931 2261 1111 2333 auditores.
1162 2260 1248 2333 Pin·

136 2361 234 2436 darus
261 2384 339 2433 vero
364 2362 398 2432 in
423 2360 541 2432 iisdem
566 2362 655 2432 ladis
679 2363 713 2432 in
733 2386 812 2433 vcro
833 2363 1010 2432 certamine
1031 2361 1248 2456 quadraginta

78 2461 81 2469 ¹
135 2463 328 2532 memorarit
353 2461 529 2558 quadrigas
554 2461 655 2556 Pytb.
680 2441 729 2533 V.
755 2464 818 2536 64.
846 2485 929 2556 quac
955 2463 985 2533 si
1011 2487 1123 2534 omnes
1149 2463 1248 2540 simul

135 2562 256 2636 missae
282 2572 377 2653 sunt,
411 2562 497 2635 baud
530 2563 603 2635 scio
634 2587 677 2634 on
708 2563 807 2637 nimia
833 2561 939 2634 uideri
965 2562 1081 2636 debeat
1106 2563 1247 2636 latitudo

135 2665 293 2736 curriculi
324 2664 446 2755 fnisse,
487 2664 580 2737 caius
613 2664 780 2736 dimidium
811 2664 948 2736 iunctim
979 2671 1104 2736 stantes
1131 2663 1248 2738 CLX.

136 2789 239 2861 equos
265 2767 403 2861 ceperit.
454 2763 525 2838 Sed
550 2766 631 2838 satis
656 2789 743 2838 nunc
760 2765 892 2860 quidem
916 2773 967 2836 est
986 2765 1140 2839 iniecisse
1161 2767 1247 2840 banc

136 2867 382 2940 dubitationem.
434 2866 544 2939 Venio
571 2891 635 2962 qno
661 2867 810 2940 uolebam
834 2867 878 2938 ad
903 2868 1001 2939 situm
1028 2868 1154 2964 oppidi.
1204 2856 1247 2941 Id

136 2969 192 3064 qui
218 2969 258 3042 ab
284 2992 349 3042 noo
375 2969 584 3066 hippodromi
610 2969 756 3066 margine
782 2967 823 3040 ad
849 2970 988 3041 alterum
1010 2992 1113 3065 usquc
1128 2977 1248 3042 exten·

136 3070 267 3163 derunt,
294 3095 390 3168 quunr
417 3071 577 3146 sentirent
601 3071 649 3142 ita
673 3080 818 3144 rostrum
843 3080 959 3144 contra
983 3070 1088 3167 ipsam
1110 3073 1248 3168 primam

135 3181 253 3245 motam
279 3173 448 3263 constitui,
476 3198 642 3270 equosque
668 3174 766 3245 simul
792 3181 826 3246 et
851 3198 893 3246 en
921 3173 1048 3245 dextris
1075 3181 1109 3246 ct
1135 3198 1178 3245 ex
1200 3173 1249 3246 si-

135 3273 250 3345 nistris
275 3275 463 3346 carceribus
489 3275 627 3346 emissos
661 3274 724 3344 sibi
755 3283 846 3346 trans
880 3274 1016 3346 alteram
1042 3284 1162 3347 metam
1188 3274 1250 3346 ad-

138 3374 241 3446 uersis
273 3374 435 3446 frontibus
469 3398 665 3454 occursuros
698 3373 819 3462 inisse,
856 3399 951 3470 quum
986 3382 1094 3446 tamen
1121 3382 1251 3448 constet

137 3499 249 3550 omncs
274 3475 377 3548 laeuis
402 3475 543 3548 flexibus
562 3499 635 3548 csse
653 3483 758 3566 actos,
784 3475 958 3570 permiram
976 3476 1144 3571 quamdam
1163 3476 1249 3548 riam
1379 3555 1383 3568 .

136 3585 271 3650 auctore
302 3578 495 3648 Alexandro
532 3576 573 3648 de
605 3574 661 3648 La
686 3575 798 3648 Borde
833 3577 996 3668 inierunt,
1030 3599 1102 3671 qua
1136 3599 1249 3650 omnoo

136 3704 252 3752 currus
278 3680 318 3749 ab
344 3679 462 3750 denno
489 3679 593 3750 latere
619 3702 747 3750 cursum
767 3677 870 3748 ordiri
891 3678 1049 3750 facerent.
1100 3676 1248 3774 Etenim,

26 3853 29 3864 ,
137 3781 223 3878 quod
249 3781 414 3852 sinistrum
442 3782 528 3852 latas
554 3780 763 3876 hippodromi
781 3780 911 3852 brevius
928 3777 1031 3852 fuisse
1052 3779 1140 3854 dicat
1157 3781 1250 3852 Pau·

137 3883 259 3974 sanias,
287 3883 496 3978 obliquarunt
520 3882 618 3954 sitam
645 3880 778 3978 oppidi,
804 3888 861 3973 ut,
889 3905 986 3977 quom
1012 3881 1129 3955 dextra
1154 3891 1249 3980 parte
1287 3961 1290 3971 .

136 3985 281 4080 qranllum
307 3983 497 4074 recederet,
532 3991 673 4054 rostrum
707 4007 772 4057 nou
806 3991 936 4056 contra·
954 3982 1091 4080 primam
1116 3993 1249 4076 metam,

136 4084 196 4156 sed
221 4086 336 4158 iuxtim
371 4087 404 4157 in
439 4085 591 4156 dextrum
622 4085 710 4158 latus
737 4085 930 4181 dirigerent.
990 4085 1057 4177 Qui
1082 4094 1190 4157 autem
1214 4086 1250 4156 in
1350 4153 1353 4170 ,

136 4185 200 4258 alis
226 4189 338 4283 oppidi
364 4196 450 4260 sunt*
467 4210 639 4278 carceres,
675 4211 734 4259 eos
769 4211 875 4282 neque
907 4188 955 4260 ita
978 4194 1179 4285 posuerunt,
1213 4193 1251 4258 ut

136 4287 281 4383 parietes
307 4311 418 4361 eorum
446 4290 626 4363 transversi
652 4287 694 4359 ad
714 4288 785 4361 alas
801 4288 995 4362 accederent
1011 4287 1250 4360 rectosutrim·
1366 4287 1368 4293 ⁴

137 4413 201 4485 que
225 4389 366 4486 angulos
391 4391 574 4482 iacientes,
587 4413 703 4486 nequo
729 4390 780 4462 sio
803 4399 841 4464 nt
866 4391 998 4486 obliquo
1023 4387 1134 4487 posita
1159 4395 1252 4462 recta
