3076 5046
511 442 567 502 ua
592 433 825 502 ἈΤῙΑΝΊῈ4
1157 437 1223 511 248

106 597 305 703 ¹significari,
331 607 396 680 nini
413 609 546 682 aliunde
568 611 750 708 acceperis,
777 609 1143 708 nunqnamintelligeaz
1169 622 1223 687 at*

111 731 174 804 qna
200 709 296 780 edum
323 711 352 782 si
379 713 570 809 suspiceris,
595 714 727 784 minime
755 715 895 784 omnium
921 713 955 782 iu
981 714 1065 794 illud
1081 714 1221 810 incides,

88 806 197 906 ‘qnod
223 811 329 883 uoluit
352 809 541 903 Hellterns,
575 815 674 886 animi
707 815 742 885 in
767 815 863 888 malin
888 814 1052 910 patienter
1077 815 1221 890 leucadio

111 913 307 1008 aequitatem
333 914 392 985 tali
417 915 559 1012 imagine
585 915 761 988 declarari.
812 915 923 988 Debet
948 917 1034 987 enim
1060 918 1147 990 inter
1170 920 1221 990 ai*
1316 944 1320 954 ’

111 1037 174 1108 gua
201 1022 235 1086 et
259 1014 293 1085 id
321 1016 408 1110 quod
434 1019 642 1120 significatur
673 1019 747 1089 istis
774 1017 878 1114 cignis
905 1017 1014 1113 aliqua
1041 1020 1220 1092 similitudo
1297 1063 1305 1070 -

109 1114 335 1200 intercedere:
370 1143 451 1214 qnuo
477 1121 511 1192 in
537 1122 603 1192 ista
624 1120 766 1216 imagine
783 1121 874 1191 nulla
890 1130 953 1192 eat.
1005 1119 1121 1192 Robur
1135 1123 1221 1195 enim

109 1225 143 1288 et
168 1217 294 1289 validas
320 1218 407 1290 uires
434 1224 596 1320 corporis,
623 1247 687 1294 non
714 1221 907 1322 patientiam
931 1221 1043 1313 aniani,
1065 1245 1221 1318 peruaser-

109 1317 164 1389 tim
192 1320 288 1416 aequi
316 1328 349 1392 et
374 1325 564 1418 tranquilli,
601 1347 736 1397 cornera
765 1323 922 1396 cidamum
984 1324 1094 1418 Quare
1117 1326 1220 1414 talem

62 1497 64 1502 s
107 1417 251 1492 indolem
279 1422 335 1517 qui
359 1423 506 1497 Atlantia
532 1425 645 1522 specie
670 1425 914 1518 reluminasset,
951 1426 1049 1498 etiarn
1074 1427 1220 1524 ineptam

106 1520 243 1594 iecisset
266 1523 456 1617 imaginem.

208 1622 368 1719 Apertum
402 1651 476 1698 esso
510 1649 553 1698 ex
586 1627 629 1698 iis
666 1650 748 1724 quae
781 1624 851 1696 dixi
883 1634 984 1722 puto,
1020 1625 1218 1720 Idaliterum,

93 1747 206 1819 ,quum
241 1725 384 1821 elligiem
416 1729 563 1800 Atlantis
596 1727 840 1799 fundamentum
873 1727 1104 1823 disputationis
1140 1753 1219 1800 suae

103 1825 200 1917 lecit,
224 1825 334 1922 ipsura
360 1828 423 1902 sibi
449 1829 534 1900 viam
560 1839 650 1902 reete
668 1828 884 1925 explicandae
910 1828 1039 1900 fabulae
1063 1831 1220 1925 prooem-⁶
1341 1896 1345 1922 ,

105 1927 206 2000 aisse.
257 1927 331 2000 Neo
355 1953 434 2002 sana
459 1932 598 2004 latuisse
624 1955 703 2002 eum
724 1930 878 2020 uidetur,
907 1930 1082 2026 lanuginem
1107 1931 1218 2006 neem

104 2052 170 2100 non
197 2046 309 2126 posse,
337 2033 401 2104 uisi
428 2034 489 2129 qui
510 2035 612 2106 sciret
637 2033 730 2105 enias
755 2032 869 2103 faeere
892 2031 994 2104 vellet
1017 2032 1217 2128 imaginemr

104 2135 307 2229 quapropter
331 2133 372 2204 ab
398 2135 539 2207 nominis
565 2133 788 2232 explicatione
823 2141 874 2206 eat
899 2157 1059 2206 exorausa
1092 2133 1150 2206 ned
1177 2157 1217 2208 eo

103 2234 211 2328 aragia
243 2245 281 2304 ut
306 2233 346 2306 de
371 2235 508 2312 Atlante
534 2239 626 2334 prius
653 2259 748 2333 quam
773 2233 815 2306 de
842 2236 912 2306 eius
937 2236 1080 2331 imagine
1107 2237 1218 2333 expli-

103 2345 221 2435 caret,
254 2335 363 2431 imago
389 2337 462 2432 ipsa
488 2361 560 2410 eom
593 2337 732 2409 delebat
757 2336 952 2426 admonere,
987 2338 1107 2453 puippe
1133 2361 1217 2432 quae

103 2460 166 2509 uec
191 2436 348 2533 proderet
374 2439 451 2532 quid
478 2439 701 2534 significaret,
735 2436 822 2533 qnod
855 2445 962 2508 antem
987 2461 1060 2532 lpse
1087 2438 1218 2510 uolebat
1342 2502 1345 2514 ,

101 2561 144 2609 na
171 2545 288 2634 presset
321 2537 450 2633 quidem
477 2539 678 2630 significare.
729 2537 795 2609 Est
823 2559 900 2608 vero
926 2535 1025 2608 etiam
1051 2538 1216 2610 nominum

102 2639 300 2736 explicatio,
328 2661 431 2735 quam.
449 2639 600 2736 protulit,
627 2636 932 2710 ratiocinationibus
950 2661 1012 2731 nae
1027 2635 1131 2706 firmis
1154 2660 1217 2709 nau

100 2740 207 2812 rectis
234 2737 396 2812 confecta.
446 2738 556 2836 Iapeti
580 2763 699 2812 numen
724 2745 825 2835 negat
849 2737 1065 2812 deiectionem
1086 2732 1241 2833 signifi-5

27 2843 29 2850 ’
101 2863 196 2929 care,
222 2849 394 2937 putatque,
411 2841 468 2913 uti
482 2841 653 2940 Hyperiun
679 2850 811 2912 motum·
827 2863 927 2936 super
943 2849 1032 2911 terra
1052 2839 1216 2935 designet,

59 2955 62 2963 '
101 2943 153 3016 aio
179 2940 331 3038 Iapetum
365 2945 527 3040 appellari
558 2952 681 3016 motum
712 2944 749 3014 in
781 2939 955 3037 superlicio
988 2950 1109 3012 terrae.
1169 2940 1218 3014 Aa
1352 2931 1359 2954 ⁸

101 3069 165 3117 nec
196 3043 285 3116 verbi
317 3069 379 3116 nee
412 3046 460 3116 rei
494 3054 630 3117 naturae
663 3039 727 3118 hoe
760 3044 935 3117 convenire
969 3043 1116 3114 videtur:
1149 3063 1216 3116 uun

101 3147 216 3237 verbi,
250 3147 329 3242 quia
360 3141 523 3235 loturam,
557 3151 695 3236 lunser,
727 3144 810 3230 ῖπος
832 3145 1001 3242 propriam
1026 3135 1215 3236 deiiciendi,

102 3247 312 3338 detrudendi,
340 3249 508 3346 premendi
532 3251 699 3321 notionem
725 3249 913 3336 continuum
947 3271 1012 3317 non
1038 3245 1101 3336 rei,
1127 3246 1215 3342 quod
1336 3294 1338 3300 -

103 3349 238 3446 singula
252 3343 409 3419 Titanum
436 3350 529 3444 paria
553 3359 688 3446 pmeter
711 3348 886 3419 maximnm
906 3356 941 3418 et
956 3345 1120 3418 minimum
1136 3355 1215 3418 nata
1277 3411 1280 3422 ,

103 3460 265 3548 auguratus
292 3462 326 3521 et
349 3449 437 3536 inter
462 3473 498 3521 se
525 3451 693 3548 oppositas
720 3451 806 3521 vireu
832 3447 1033 3543 significant,
1057 3456 1107 3538 ot,
1133 3448 1164 3520 si
1178 3445 1215 3520 id

103 3553 192 3649 quod
226 3551 261 3621 iu
296 3551 395 3640 altum
422 3551 551 3623 tollitur
573 3551 774 3647 Hyperionis
805 3550 1124 3645 nomine'signatum
1149 3558 1214 3641 est,
1286 3601 1294 3616 a

102 3651 215 3752 Iapeti
241 3651 420 3750 appdlatio
446 3654 644 3724 eontrarium
669 3652 815 3723 indicare
839 3659 959 3722 motum
975 3650 1104 3721 deleat.
1142 3647 1214 3724 Sed
1310 3717 1312 3720 .
1445 3645 1450 3665 ''

104 3769 190 3848 esto,
219 3754 306 3851 quod
332 3755 461 3851 posuit:
494 3755 586 3826 nollo
607 3762 710 3850 paeto
736 3751 873 3824 concedi
897 3752 1032 3848 poterit,
1059 3750 1146 3847 quod
1161 3752 1226 3824 ‹ti-⁸

104 3857 162 3947 cit,
189 3858 393 3954 inventorem
419 3855 548 3928 fabulae
574 3856 623 3928 rie
648 3877 721 3926 esre
747 3855 1025 3951 philosophatum,
1052 3877 1096 3924 ex
1121 3877 1213 3941 rom-

102 3959 194 4030 muni
220 3981 329 4030 rerum
355 3958 388 4028 in
414 3966 503 4052 terra
527 3967 618 4030 numu
641 3965 750 4028 ortum
781 3969 854 4028 esre
880 3952 1001 4026 motum
1026 3977 1119 4047 eum,
1156 3957 1213 4052 qni
1255 3979 1277 4022 ·.

102 4057 262 4155 proderet
292 4060 526 4157 appetitionem
559 4060 658 4130 animi
679 4058 813 4130 lumeni
820 4109 833 4150 ,
857 4067 949 4155 xiprae
980 4065 1070 4130 earet
1102 4058 1237 4154 quieta

57 4246 62 4260 ¹
103 4161 267 4257 patientia
291 4173 326 4233 et
351 4152 491 4233 demissa
517 4155 689 4245 subiectio.
748 4159 832 4232 Nam
866 4159 1027 4258 quomodo
1054 4185 1096 4231 ax
1124 4172 1213 4231 moto

103 4263 138 4333 in
165 4273 257 4334 teme
282 4272 388 4334 motus
413 4261 545 4360 prodire
572 4273 682 4360 puteat
706 4256 835 4334 arinini?
867 4251 1029 4358 quoiirodo
1046 4257 1152 4331 motus
1177 4261 1210 4344 id

68 4386 193 4454 -esoe,
221 4364 309 4458 epuod
336 4366 474 4461 quiescit
499 4375 533 4437 et
558 4367 627 4436 siae
653 4375 742 4435 mom
763 4358 846 4435 ‘eset
896 4361 937 4436 si
957 4361 1066 4456 aliqua
1085 4362 1211 4432 rationo

104 4464 171 4536 lroe
198 4466 300 4536 vellet
323 4465 469 4558 efficere,
495 4467 606 4563 potius
631 4466 721 4538 illam
739 4489 833 4558 quam
848 4464 1032 4558 repudiauit
1048 4464 1211 4556 interpre-
1323 4465 1325 4472 ’

960 4578 1017 4652 02
