3076 5046
304 408 587 544 nemausum
608 415 878 485 OOMEDIAQUE
897 415 1045 480 LYRIGA.
1163 413 1228 484 119

17 589 18 593 ’
120 581 282 681 Sequitur
305 607 351 656 ex
372 583 448 677 his„
489 585 520 657 si
550 585 585 656 in
615 583 884 682 insumpdonihus
915 584 1046 658 neurius
1076 585 1229 682 trngoodi

119 685 311 759 uomoediue
344 689 528 784 ueterisque
560 687 763 783 tragoediae·
782 695 818 759 et
847 685 1038 759 eomoediee
1054 686 1229 760 inveniun-

119 795 194 877 tur,
221 811 282 880 ea,
307 787 372 860 nisi
398 789 465 860 sint
490 789 531 860 de
556 787 767 884 dithyrambis
793 796 827 860 et
852 789 1049 863 carminibus
1074 789 1228 886 phalliuis
1375 799 1379 812 ’

120 889 326 986 recipienda,
354 913 418 961 non
442 913 541 986 posse
567 888 608 961 ud
633 890 770 985 lyrioum
794 889 884 964 istud
909 913 1012 986 genos
1029 899 1228 987 poematum,

119 998 157 1062 ut
182 991 273 1087 quod
293 991 417 1062 nohum
430 988 534 1064 fuisse
549 991 710 1083 videatur,
735 991 866 1083 referri,
892 991 952 1064 sed
968 1016 1008 1064 eo
1026 991 1229 1088 significatu,

120 1091 176 1188 qni
201 1093 297 1165 solus
322 1091 464 1188 antiquis
491 1093 643 1192 cognitus
667 1093 744 1185 fuit,
771 1092 859 1166 dieto
884 1117 957 1166 esse
976 1094 1115 1179 deeora,
1159 1091 1231 1168 Sed
1304 1169 1312 1186 ,

120 1193 161 1264 de
185 1192 458 1290 inscriptionibus
481 1194 568 1266 inira
593 1195 733 1268 dinewr.
782 1193 880 1268 Nune
903 1195 1059 1293 persequi
1079 1195 1156 1269 uolo
1177 1202 1229 1287 da,

118 1317 204 1390 ¹quoe
247 1295 299 1367 red
337 1294 410 1391 ipse
443 1294 635 1370 Boeehhius
675 1295 899 1370 deiendendau
934 1319 1014 1370 sune
1048 1298 1230 1370 sententinr
1262 1383 1267 1393 ι
1362 1303 1365 1318 ’

118 1419 240 1468 caussa
265 1395 457 1494 disputavit,
484 1399 536 1469 val
561 1399 632 1490 alii,
659 1399 714 1494 qni
738 1400 837 1472 istam
860 1406 938 1472 sant
959 1399 1146 1497 opinionum
1159 1423 1231 1472 nrn·

117 1497 227 1594 pleni,
254 1497 446 1572 muniendae
471 1500 504 1572 ei
528 1501 721 1594 addernot.

134 1581 141 1596 “
168 1639 180 1662 2
220 1598 277 1672 aa
302 1621 355 1690 a,
381 1621 464 1694 qm
488 1597 681 1674 nossemus
708 1597 748 1672 re
772 1605 881 1672 maes
899 1597 1028 1696 orpes
1052 1600 1134 1674 σοι.
1159 1593 1281 1673 rulo

116 1723 154 1796 p.
180 1701 220 1774 9.
248 1700 317 1773 siue
342 1700 564 1797 Aglaophami
596 1726 631 1796 p.
656 1703 746 1776 975.
771 1700 925 1798 scripsit,
958 1699 1150 1774 Boeehhius
1174 1725 1232 1781 rs,-

118 1800 260 1898 spondit
288 1802 320 1873 io
354 1799 506 1900 Corpore
529 1801 690 1900 Inscript.
716 1803 783 1876 rol.
808 1800 842 1873 l.
876 1826 911 1899 p.
937 1803 1026 1878 766.
1059 1803 1116 1876 ubi
1148 1826 1231 1899 qnae
1354 1825 1363 1834 ’

119 1925 221 2000 aegre
249 1902 429 1977 dissensum
462 1900 599 1976 ferentis
631 1904 742 2000 potius
776 1927 871 2001 quam
903 1903 1031 1976 ratione
1064 1911 1098 1976 et
1130 1927 1232 2002 argu·

118 2005 240 2076 meotis
267 2028 416 2076 naussum
448 2027 540 2077 snam
573 2007 703 2102 agentis
728 2014 824 2096 sunt,
861 2005 993 2078 silentio
1019 2013 1058 2078 ut
1081 2005 1164 2077 nihil
1188 2006 1231 2077 ed

119 2129 188 2178 rom
215 2106 371 2178 facientia
395 2108 535 2180 transire
560 2116 719 2206 praestat.
769 2107 916 2180 Primum
936 2107 1040 2204 igitur
1055 2131 1231 2204 argumen-

119 2215 209 2299 tum,
237 2207 324 2304 quod
350 2207 463 2301 affert,
490 2209 648 2301 honest,
676 2217 830 2306 quantum
855 2207 1084 2305 Sicyoniorum
1111 2209 1231 2306 tragici

121 2308 235 2400 ohori,
273 2317 428 2405 qnantum
451 2311 688 2406 Aeginetarnm
713 2310 833 2382 eomioi
863 2311 1079 2405 ahagoedia
1111 2319 1146 2384 et
1170 2335 1231 2383 en·

120 2410 252 2488 moseia
284 2410 426 2482 afuerint
457 2411 630 2484 aestimaris
663 2435 729 2482 non
759 2411 883 2500 liuere,
915 2411 980 2482 nisi
1005 2418 1160 2501 eatenus,
1193 2420 1231 2486 ut
1303 2455 1314 2472 ι

120 2534 186 2585 noo
212 2509 338 2584 fuerint
363 2510 545 2600 dramatici,
572 2513 631 2584 sed
655 2511 764 2605 lyrici,
791 2519 905 2605 utpote
929 2509 1042 2582 ehomr
1078 2511 1180 2582 aliud·
1194 2535 1231 2584 se
1351 2507 1356 2511 ’

121 2611 300 2686 dmum-en
330 2635 397 2683 non
428 2613 594 2707 reperire,
636 2635 698 2682 nee
731 2611 973 2682 demonstrasse
1004 2608 1230 2699 Loheokinm3

120 2712 221 2784 irnmo
248 2735 379 2784 manere
410 2713 576 2808 tragicos,
612 2735 743 2784 manere
774 2709 917 2784 nominos
943 2707 1172 2805 Sieyoniornqn
1198 2721 1233 2786 et

120 2813 358 2910 Aegineternm
386 2813 517 2904 choros,
545 2838 627 2909 quos
645 2813 736 2886 nulle
762 2811 922 2909 quisenta
942 2812 1133 2885 removerit.
1172 2810 1233 2885 si·

100 2916 314 3011 ¹ey‘oniorum
339 2916 458 2988 choros
483 2940 584 3012 snpra
604 2915 746 2988 diximus
766 2914 987 3009 dithyrambos
1006 2913 1122 3005 sumne,
1148 2939 1231 3011 qnos

122 3017 199 3112 quia
225 3024 295 3090 tom
319 3017 403 3090 nihil
435 3017 476 3090 de
501 3017 635 3091 Baueho
662 3017 886 3107 continerent,
919 3036 986 3088 uon
1010 3015 1076 3089 isto
1100 3017 1232 3090 nomine

121 3120 341 3216 appellaverit
364 3118 568 3194 Herodotus.
628 3119 863 3216 Aeginetarum
896 3127 1002 3190 autem
1027 3118 1123 3192 ehoui
1149 3141 1232 3214 quu-

121 3217 170 3292 les
195 3221 339 3313 fuerint,
372 3221 457 3295 idem
483 3222 662 3295 historiens
688 3220 735 3293 V.
762 3224 825 3295 83.
851 3219 1024 3316 exposuit,
1059 3219 1099 3293 de
1124 3221 1231 3318 signis

120 3318 263 3394 Dmniao
296 3331 394 3418 utque
419 3324 586 3395 Aurasius
622 3324 671 3394 sie
706 3323 875 3394 scrihense
914 3315 1157 3416 ἱδρυσάμενοι
1189 3319 1231 3396 dd

121 3421 161 3496 du
185 3416 311 3517 τούτῳ
335 3428 389 3518 τῷ
411 3418 524 3519 χώρῳ
545 3418 703 3516 θυσίῃσί
726 3418 768 3494 τέ
790 3446 886 3517 σφεα
910 3420 973 3496 καὶ
994 3427 1139 3518 χοροῖσι
1163 3449 1232 3524 γυ-

122 3523 322 3620 ναικηΐοισι
345 3518 554 3620 κερτόμοισι
577 3519 791 3610 ἱλάσκοντο,
814 3529 987 3621 χορηγῶν
1012 3521 1233 3600 ἀποδεικνυ-

123 3624 250 3718 μένων
274 3622 423 3721 ἑκατέρῃ
453 3631 532 3699 τῶν
563 3618 756 3717 δαιμόνων
787 3621 876 3696 δέκα
908 3615 1077 3721 ἀνδρῶν·
1109 3633 1233 3710 κακῶς

125 3723 165 3799 δὲ
188 3721 371 3829 ἠγόρευον
396 3725 431 3798 οἱ
451 3722 559 3823 χοροὶ
584 3722 706 3820 ἄνδρα
730 3720 800 3817 μὲν
822 3720 975 3811 οὐδένα,
1000 3721 1068 3806 τὰς
1091 3721 1133 3798 δὲ
1153 3729 1231 3802 ἐπι-

123 3833 264 3926 χωρίας
287 3831 476 3929 γυναῖκας.
507 3821 605 3921 ἦσαν
629 3821 670 3916 δὲ
694 3823 758 3898 καὶ
775 3821 1039 3920 Ἐπιδαυρίοισι
1057 3817 1165 3900 αὗται
1191 3828 1231 3906 αἱ

126 3928 583 4105 hehnhhhhh
613 3928 718 4102 ht?
731 3925 1229 4127 hhhftsshthhthh’

128 4133 240 4204 xesiue
266 4136 318 4205 rel
352 4160 395 4207 ex
425 4082 763 4229 tempore'ioonlaria
795 4154 868 4202 eum
893 4129 1065 4204 dioneitate
1091 4133 1229 4230 quadem

129 4241 226 4330 atque
252 4236 409 4308 condetis
441 4236 476 4306 in
508 4235 661 4307 mulieres
695 4256 777 4330 qnae
809 4255 960 4330 pompam
992 4241 1179 4331 spumarunt
1208 4257 1230 4306 n

129 4333 257 4407 feminis
284 4336 424 4411 ehoriois
457 4361 530 4410 esse
562 4337 702 4426 iactata,
738 4335 792 4406 uel
824 4342 970 4408 oantrtes
1003 4357 1076 4407 esse
1102 4335 1229 4431 aliquus

131 4433 172 4506 do
195 4437 357 4510 industrie
381 4438 579 4536 compositus
604 4437 784 4528 meones,
810 4437 923 4533 quales
948 4443 1105 4510 memorat
1129 4435 1229 4508 seho-
