3070 5048
241 489 246 496 ,
303 415 369 492 τοο
458 391 465 416 ’
552 493 559 504 ,
624 417 674 476 οε
695 411 885 476 moturus
906 411 958 472 ur
977 410 1107 476 urunt.

307 587 382 660 dem
406 580 723 660 Βὶειιιιιιιλυκείαν
749 579 936 654 Greuuerus
967 579 1003 652 in
1029 575 1189 674 Syrnbcl:
1212 573 1282 648 rol.
1307 573 1359 647 Π.
1383 597 1423 674 p.

309 691 396 764 132.
422 684 482 758 sed
509 684 597 782 quod
621 685 656 756 in
681 685 803 756 Melet.
834 681 920 756 iaso.
945 680 979 753 Ι.
1011 707 1047 779 p.
1074 683 1137 754 30.
1172 703 1236 774 quo
1262 678 1425 750 lectorem

308 790 454 885 ablegat,
480 787 604 878 attulit,
629 786 714 860 nihil
739 793 791 857 est
815 785 881 856 uisi
896 782 1081 856 Pausaniae
1106 780 1264 853 memoria
1287 777 1340 850 ΙΙ.
1359 782 1423 870 cl,

308 895 346 966 4.
373 888 441 987 qui'
455 887 632 960 Troezene
658 889 815 985 templum
834 885 969 958 ‘Dianae
995 884 1096 976 vidit,
1123 905 1239 979 quarn,
1273 881 1304 953 si
1328 881 1425 952 libris

309 993 392 1066 fides
419 999 484 1082 est,
510 999 544 1061 et
570 987 727 1063 λυκαίαν
752 997 786 1061 et
811 983 960 1062 λυκείαν
982 995 1092 1078 vocat.¹
1139 983 1244 1055 Addit
1262 1005 1362 1054 veros
1388 985 1427 1067 ἐς

309 1091 351 1170 δὲ
384 1089 453 1187 τὴν
485 1087 673 1186 ἐπίκλησιν
704 1086 816 1163 οὐδὲν
855 1087 955 1182 εἶχον
981 1083 1182 1161 Ιπυθέσθαι
1213 1081 1316 1181 παρὰ
1348 1090 1427 1157 τῶν

310 1198 514 1294 ἐξηγητῶν,
548 1191 642 1268 ἀλλὰ
673 1187 857 1286 ἢλύκους
881 1184 1052 1286 ἐφαίνετό
1085 1214 1150 1284 μοι
1173 1183 1244 1281 τὴν
1274 1183 1427 1280 Τροιζη-

310 1294 399 1373 νίαν
425 1292 718 1389 λυμαινομένους
742 1295 872 1375 ἐξελεῖν
898 1289 918 1364 ὁ
939 1286 1160 1377 Ἱππόλυτος,
1185 1286 1209 1383 ἢ
1235 1283 1427 1381 Ἀμαζόσι,

312 1395 399 1496 παρ’
431 1389 486 1470 ὥν
509 1392 557 1468 τδι
582 1393 673 1490 πρὸς
698 1392 836 1490 μητρὸς
858 1387 926 1487 ἦν,
958 1389 1141 1486 ἐπίκλησις
1172 1396 1238 1485 τῆς
1260 1386 1428 1488 Ἀρτέμι-Ι

313 1497 380 1581 δός
412 1499 512 1571 ἐστιν
537 1495 642 1592 αὕτη.
695 1498 748 1591 εἴη
781 1491 819 1568 δ’
849 1491 899 1568 δν
931 1494 984 1566 έτι
1014 1491 1078 1566 καὶ
1103 1492 1191 1564 ἄλλο
1218 1489 1264 1564 οὐ
1289 1515 1428 1590 γιγνω·

315 1595 496 1695 σκόμενον
520 1596 594 1672 ὑπὸ
619 1600 722 1692 ἐμοῦ.
773 1596 935 1694 Apertum
945 1603 1031 1685 (ost,
1065 1594 1265 1690 singularem
1291 1593 1324 1662 ei
1349 1606 1429 1688 proi

181 1791 187 1794 ,
313 1703 483 1800 priamque
510 1699 710 1773 Troezeniis
744 1723 815 1772 eam
842 1697 1096 1795 appellationem
1132 1696 1234 1766 visam
1266 1715 1362 1784 esse,
1394 1699 1429 1763 ut

313 1805 398 1877 nihil
424 1802 597 1900 quidquam
625 1823 699 1876 eum
712 1800 881 1897 Apollinis
901 1800 971 1871 illis
993 1797 1241 1894 cognominibus
1260 1815 1429 1892 commuue

314 1906 447 1978 habeat.
500 1902 601 1975 Credi
627 1910 735 1973 autem
750 1901 988 1997 facile‘potest
1016 1901 1057 1972 ch
1073 1899 1240 1996 dispulsos
1254 1894 1429 1993 aliquando

315 2007 414 2102 lupos
440 2005 533 2075 deam
562 2005 611 2074 ita
637 2027 711 2074 osse
736 2005 926 2074 vocitatam.
1098 2025 1100 2043 ·

418 2101 492 2176 Sed
516 2127 556 2175 ne
583 2104 656 2199 quis
682 2103 777 2174 uobis
795 2101 962 2198 Lycaeum
979 2100 1095 2173 Iouem
1121 2106 1279 2199 opponat,
1306 2097 1363 2196 qui
1388 2097 1433 2170 sit

318 2205 359 2278 ab
384 2206 460 2277 luce
476 2204 597 2295 dictas,
623 2203 738 2301 paucis
755 2203 987 2299 huncquoque
1002 2204 1114 2299 placet
1131 2203 1308 2298 attingere.
1339 2196 1432 2273 Sane

293 2303 487 2380 Blerehetur
505 2307 543 2398 in
570 2305 735 2379 Arcadiae
761 2312 870 2376 moute
896 2303 1032 2400 Lycaeo
1057 2305 1152 2376 lucus
1178 2327 1253 2376 esse
1276 2300 1353 2374 Ioui
1377 2325 1433 2374 sa-

319 2433 395 2500 cer,
421 2413 456 2480 ia
483 2431 576 2504 quem
604 2403 761 2504 quidquid
785 2403 944 2498 intraret,
971 2430 1084 2479 carere
1109 2405 1224 2476 umbra
1248 2411 1432 2501 putaretur.

317 2511 373 2584 De
399 2533 440 2582 eo
466 2508 649 2581 Pausanias
675 2507 783 2580 VIII.
810 2511 880 2600 38,
916 2508 954 2584 6.
987 2505 1051 2580 καὶ
1081 2502 1171 2579 τοίδε
1204 2505 1256 2578 έτι
1282 2503 1433 2607 ἐλέγετο,

231 2610 234 2625 ¹
319 2609 387 2701 ut,
400 2609 520 2693 ε’ντὸς·
534 2616 602 2684 τοῦ
633 2608 808 2702 τεμένους
826 2605 1022 2710 ’γενόμενα
1056 2605 1191 2702 ὁμοίως
1221 2600 1349 2682 πάντα
1372 2604 1434 2679 καὶ

245 2776 252 2791 ,
321 2709 441 2807 θηρία
465 2709 528 2785 καὶ
554 2707 783 2805 ἀνθρώπους
808 2711 853 2784 οὐ
878 2710 1106 2807 παρέχεσθαι
1131 2703 1274 2782 σκιάν·’
1292 2705 1357 2780 καὶ
1372 2704 1434 2782 διδ

321 2821 433 2892 τοῦτο
459 2815 495 2895 λς
519 2811 562 2884 τὸ
586 2812 735 2906 τέμενος
760 2809 898 2908 θηρίου
923 2807 1204 2912 καταφυγόντος
1228 2808 1298 2883 οὐκ
1319 2811 1434 2884 ἐθέλει

238 2953 241 2964 =
322 2915 359 2989 σί
392 2911 645 2996 συνεςιιίπτειν
676 2911 956 3014 ὃ“κυνηγέτης,·
980 2912 1074 2986 ἀλλὰ
1106 2911 1305 3005 ὑπομένων
1336 2911 1436 2992 ε’κτός

323 3014 387 3103 καὶ
413 3015 513 3112 δρῶν
532 3014 575 3088 τὸ
593 3013 729 3111 θηρίον
747 3013 927 3110 οὐδεμίαν
944 3015 1008 3087 ἀπ’
1031 3014 1148 3088 αὐτοῦ
1159 3016 1300 3086 θεᾶται
1315 3008 1434 3086 σκιάν·

178 3119 179 3126 '
322 3113 463 3213 χρόνον
488 3111 558 3209 μὲν
583 3115 630 3210 δὴ
655 3113 722 3189 τὸν
746 3119 831 3188 ἰ’σον
855 3115 968 3190 ἔπεισί
992 3145 1031 3188 τε
1049 3115 1077 3188 ’ὃ
1101 3114 1200 3209 ἥλιος
1225 3113 1292 3188 uta
1314 3116 1357 3187 ἐν
1381 3120 1435 3210 τῷ

324 3222 478 3315 οὐρανῷ
510 3217 686 3309 καρκίνον
707 3213 781 3294 ’καὶ
813 3219 854 3290 ἐν
886 3213 1018 3312 Συήνῃ
1050 3224 1095 3312 τῇ
1129 3215 1201 3312 πρὸ
1233 3213 1437 3296 Αἰθιοπίας

326 3322 411 3395 οὔτε
437 3317 510 3392 ἀπὸ
536 3316 704 3415 δένδρων
727 3319 810 3392 οὔτε
827 3317 901 3392 ἀπὸ
917 3326 995 3392 τῶν
1013 3315 1121 3416 ζρίιον
1133 3317 1311 3420 γενέσθαι
1328 3312 1437 3392 σκιάν

327 3425 421 3500 ἐστι·
454 3419 497 3494 τὸ
529 3419 566 3494 δ’
597 3423 715 3516 ἐντῷ
741 3418 899 3517 Λυκαίῳ
931 3419 1079 3514 τέμενος
1109 3419 1153 3494 τὸ
1185 3417 1277 3496 αὐτὸ
1310 3421 1349 3502 ἐς
1372 3417 1442 3501 τὰς’

328 3521 434 3606 σκιὰς
459 3519 517 3595 ἀεί
539 3548 578 3595 τε
603 3521 666 3628 καὶ
690 3520 749 3594 ἐπὶ
774 3530 906 3596 πασῶν
930 3521 1093 3597 πέπονθε
1107 3529 1184 3596 τῶν
1201 3519 1324 3619 αίριῖιν.
1363 3519 1439 3592 Va·

328 3626 527 3698 mamistam
556 3649 629 3702 ,rem
654 3649 727 3696 esse
754 3649 851 3720 quum
876 3649 937 3721 por
962 3649 998 3696 se
1022 3633 1134 3720 pauet,
1169 3631 1238 3695 tum
1264 3622 1441 3694 affirmauit
1527 3621 1528 3630 ’

212 3773 217 3784 ·
330 3725 383 3797 his
409 3726 517 3799 uerbis
543 3724 701 3821 Polybius
725 3721 833 3798 XVI.
862 3729 921 3818 10,
948 3731 986 3801 7.
1011 3723 1053 3798 τὸ
1078 3723 1151 3827 γὰρ
1177 3718 1336 3822 φάσκειν
1360 3724 1441 3798 ἔνια

331 3831 412 3898 τῶν
445 3823 637 3922 σωμάτιον
668 3829 708 3902 ἐν
741 3825 839 3924 φωτί
871 3827 1049 3922 τιθέμενα
1081 3824 1132 3923 μὴ
1167 3829 1285 3900 ποιεῖν
1316 3819 1440 3912 σκιοίν,

261 4004 265 4014 ,
331 3925 582 4026 ἀπηλγηκυίας
606 3925 692 4000 ἐστὶι
706 3937 843 4025 ψυχῆς·
882 3929 900 4001 ὃ
933 3927 1102 4024 πεποίηκε
1129 3923 1343 4022 θεόπομπος
1367 3921 1442 4024 φή-

335 4049 403 4108 σας
426 4026 512 4111 τοὺς
537 4029 587 4110 είς
610 4027 653 4102 τὸ
678 4037 746 4102 τοῦ
767 4028 859 4110 ’Διὸς
875 4029 1019 4127 ἄβατον
1040 4025 1229 4126 ἐμβάντας
1247 4029 1331 4100 κατ’
1355 4027 1443 4124 Ἀρ-

335 4125 473 4204 ιιαδίαν
497 4128 646 4212 ἀσκίους
669 4127 877 4231 γίγνεσθαι.
928 4130 1014 4203 Item
1031 4131 1228 4204 Plutarchus
1247 4129 1297 4222 Q.
1314 4128 1443 4204 Graec.

332 4234 401 4308 eo.
431 4257 470 4332 p.
496 4232 582 4305 300.
609 4230 650 4304 (ί.
683 4233 780 4304 simul
813 4255 945 4304 caussas
978 4233 1074 4304 huius
1107 4233 1281 4305 commenti
1310 4229 1444 4327 aperire

337 4333 473 4409 studens
482 4360 506 4429 ες
524 4330 567 4406 τὸ
591 4327 716 4426 μέντοι
742 4331 850 4409 σκιὰν
873 4331 925 4429 μὴ
950 4331 1094 4427 πίπτειν
1118 4333 1190 4406 ἀπὸ
1216 4326 1444 4429 τοτίέμβοίν-

337 4461 401 4528 τος
424 4433 541 4519 εἰςτὸ
565 4430 734 4510 Λύκαιον
757 4433 896 4535 λέγεται
926 4432 996 4530 μὲν
1021 4433 1089 4544 cuin
1113 4433 1298 4531 ἀληθῶς,
1313 4433 1444 4532 ἔσχηκε
