3084 5050
309 395 353 462 OE
522 395 572 456 DE
593 393 760 461 ttbtbttbu
781 345 967 456 molemus
986 391 1205 460 POETARUM.

309 569 425 638 τινῶν
448 515 554 636 rubas
577 507 783 636 ταλάντων.
833 559 883 634 Et
906 558 1093 634 istiusmodi
1117 558 1268 632 ludomm
1284 541 1417 633 inlices

210 743 213 760 ,
309 687 376 738 non
401 686 531 759 semper
543 686 661 784 neque
680 663 715 734 iu
738 662 886 735 omnibus
907 661 1138 734 certaminibus
1155 661 1299 757 quinqua
1315 660 1417 734 luisse
1529 691 1530 764 ρ

165 808 169 816 ·
311 769 449 862 apparet
473 788 518 838 ex
541 765 597 856 iis,
624 787 707 861 quae
733 763 932 862 Timotheus
965 764 1087 835 tibicen
1119 762 1205 860 apud
1231 760 1419 834 Lucienum
1529 769 1530 806 r

309 867 344 938 in
358 865 575 938 ΗιιιιιοιίιΙι
608 889 639 939 c.
666 870 703 940 2.
730 865 779 938 Τ.
804 863 837 938 Ι.
869 889 904 962 p.
931 866 1006 940 853
1031 864 1132 936 «licita
1164 861 1227 936 καὶ
1251 859 1324 963 γὰρ
1350 857 1421 938 οὖν

310 966 440 1046 καὶέν
462 970 539 1051 τοῖς
564 967 729 1095 ἀγῶσιν
739 967 773 1040 σί
797 963 867 1064 μὲν
892 963 1018 1039 πολλοὶ
1042 962 1177 1038 θεαταὶ
1207 967 1309 1038 ίσασι
1333 991 1421 1059 κρο-

309 1067 419 1198 ρῆσαί
443 1068 617 1143 ποτικοί
642 1065 811 1164 συρίσαι,
843 1065 1013 1165 κρίνουσι
1038 1064 1122 1140 ‹tt‘
1105 1063 1195 1139 επτίι
1218 1064 1243 1161 ἢ
1267 1063 1421 1161 πίντιῆ

311 1169 391 1245 ὅσοι
417 1166 475 1266 δή.
527 1169 598 1244 Sed
624 1193 744 1268 operae
769 1171 909 1268 pretium
936 1178 988 1241 est
1013 1169 1180 1265 singulare
1197 1163 1319 1240 lactum
1338 1191 1422 1240 cen·
1530 1217 1531 1230 .

312 1273 479 1365 siderare,
518 1273 605 1368 quod
631 1281 743 1344 narrat
766 1269 1008 1344 Plutarchus
997 1295 1031 1341 ιιι
1058 1271 1127 1341 rito
1150 1267 1298 1342 Cimonis
1323 1294 1355 1341 c.
1382 1273 1420 1344 8.

210 1445 215 1452 ,
311 1369 462 1470 πρώτην
484 1371 568 1502 γὰρ
604 1369 849 1446 διδασκαλίαν
879 1379 948 1450 τοῦ
980 1370 1262 1467 Σοφοκλέους’
1249 1374 1302 1444 ιιι
1333 1368 1420 1444 νέου

232 1517 235 1524 ·
310 1474 492 1557 καθέντος
515 1471 757 1599 Ἆφεφίιιιν
740 1501 760 1547 ο
787 1474 927 1570 ἄρχων,
962 1469 1189 1602 φιλονεικίας
1215 1471 1326 1567 οὔσης
1357 1469 1421 1546 και

310 1573 547 1704 παρατάξεως
577 1583 656 1650 τῶν
686 1577 851 1662 θιαταιν,
889 1573 1016 1672 κριτὰς
1047 1570 1117 1670 μὲν
1149 1571 1217 1647 οὐκ
1240 1569 1421 1699 ἐκλήρωσε
1531 1635 1532 1662 ,

309 1684 378 1752 τοι)
400 1678 566 1804 ἀγρῖνος·
608 1675 658 1760 ὥς
690 1674 731 1751 ‹tt
756 1674 889 1772 Κίμων
921 1674 1014 1772 μετὰ
1045 1702 1124 1749 των
1155 1671 1421 1804 συστρατήγων
1531 1685 1532 1738 3

309 1777 507 1904 mpoeithlr
531 1783 581 1861 εἰς
604 1777 648 1852 τὸ
672 1781 836 1878 θεατρον
867 1774 1061 1872 ἐποιήσατο
1085 1783 1139 1872 τῷ
1164 1778 1244 1872 θεῷ
1268 1774 1337 1858 τὰς
1360 1803 1421 1851 os-

308 1878 535 2008 νομισμίνυς
567 1843 782 2010 capelle,
788 1879 856 1954 οὐκ
888 1880 1030 2006 ἀφῆκεν
1062 1875 1198 1960 ἀύτοὺς
1230 1876 1420 1967 ἀπελθεῖν,
1474 1957 1478 1971 ,

177 2021 179 2034 =
311 1981 390 2054 ἀλλ’
423 1976 590 2076 ὁρκώσας
612 1977 799 2081 ἠνάγκασε
823 1977 980 2054 καθίσαι
1004 2007 1068 2053 και

1177 2005 1216 2052 αι
1241 1977 1330 2053 ulem
1355 1979 1421 2054 liu-

308 2108 376 2164 τας
408 2079 481 2154 ἀπὸ
512 2087 630 2179 φυλῆς
662 2089 749 2174 μιᾶς
781 2082 945 2155 ἕκαστον
985 2078 1005 2153 ὃ
991 1978 1301 2175 biom
1217 2078 1330 2208 ἀνιὸν
1356 2078 1421 2155 διὰ

153 2223 156 2230 ’
223 2247 230 2261 ,
308 2181 353 2257 τὸ
391 2189 470 2256 τῶν
507 2208 671 2279 κριτων
668 2181 822 2277 ἀξίωμα
853 2181 922 2278 τὴν
954 2178 1169 2280 φιλοτιμίαν
1206 2179 1419 2280 ὑπερέβαλε.
1532 2249 1533 2284 q

309 2284 378 2357 llio
411 2307 521 2408 quum„
539 2285 600 2355 illa
631 2284 794 2356 addiderit
825 2284 1044 2375 Plutarchus,
1084 2282 1225 2358 ὃίιια”
1204 2309 1315 2366 ονιας
1346 2282 1420 2358 ἀπὸ
1532 2289 1533 2304 ’

271 2467 279 2481 ‚
311 2391 435 2484 φυλῆς
454 2392 542 2480 μιᾶς
566 2385 733 2474 ἕκαστον,
759 2387 971 2460 coniecerunt
994 2411 1039 2457 ex
1060 2410 1100 2458 eo
1124 2408 1220 2482 quum
1242 2387 1300 2458 alii
1314 2387 1419 2478 docti,

171 2509 174 2528 ‘
261 2523 262 2526 ¹
311 2497 380 2563 tum
405 2485 466 2558 Fr.
494 2485 563 2562 Gu.
589 2486 802 2560 Tittmannus
827 2489 862 2561 in
888 2489 1023 2585 egregio
1050 2488 1149 2580 libro,
1175 2511 1271 2584 quem
1296 2487 1336 2560 de
1363 2513 1421 2560 re-

311 2589 372 2661 bus
397 2589 538 2686 publicis
564 2587 769 2663 Graecorum
802 2590 956 2686 scripsit,
989 2615 1025 2686 p.
1029 2589 1138 2666 299.
1173 2600 1341 2685 praetores
1374 2615 1420 2663 cn

311 2693 452 2810 siqgulis
477 2691 625 2765 tribubus
651 2692 800 2787 singulos
826 2716 900 2764 esse
925 2701 1068 2820 creatqs,
1095 2690 1279 2763 dubitanter
1295 2705 1419 2784 tamen,
1533 2673 1534 2730 l

308 2795 388 2889 quia
411 2791 537 2864 Pollux
563 2785 670 2862 VIII.
696 2796 757 2866 87.
784 2794 936 2888 scripsit:
970 2821 1034 2866 και
1057 2799 1217 2920 κληροῦν
1241 2790 1420 2920 Pacuuio

273 2925 276 2932 ·
308 2890 372 2966 aral
397 2890 610 3019 ἀθλοθέτας
641 2891 708 2965 ἕνα
732 2891 827 2965 κατὰ
852 2891 976 3018 φυλὴν
1007 2890 1180 2990 ἑκάστην
1195 2892 1280 2968 καὶ
1304 2893 1419 2992 στρα-

307 2990 442 3111 myope
469 2995 693 3087 χειροτονεῖν
723 2991 807 3075 ἐξ
785 2990 977 3067 απάνιιον.
1023 2995 1152 3068 Eodem
1176 3009 1250 3068 cum
1274 2996 1419 3070 circum-

309 3095 480 3216 spectione
515 3094 600 3164 banc
624 3115 692 3163 rem
719 3093 898 3190 tetigitC.
924 3093 986 3166 Fr.
1010 3095 1254 3170 lle’rmannus
1244 3122 1279 3169 m
1299 3097 1418 3172 Grae·

310 3217 423 3267 corum
448 3191 695 3290 antiquitatibus
725 3195 872 3291 politicis
905 3199 948 3296 ᾗ.
977 3199 1062 3276 152.
1095 3207 1167 3272 not.
1187 3201 1239 3275 ·.6
1272 3199 1417 3273 conferri

309 3295 425 3368 iubens
456 3295 705 3370 Bocckbium
694 3320 730 3367 m
763 3295 866 3394 Gorp.
890 3296 1001 3370 Inscr.
1037 3325 1072 3402 p.
1096 3302 1186 3378 294.
1220 3301 1276 3398 qui
1307 3310 1418 3376 tamen

311 3396 538 3484 difficultatem
569 3421 634 3470 nou
660 3399 791 3494 penitus
816 3400 999 3474 sustulerit.
1060 3403 1135 3485 Nos
1160 3403 1242 3475 nihil
1267 3403 1417 3476 tribuen-

311 3500 386 3572 dum
411 3509 561 3596 putemus
585 3498 738 3592 Polluci,
775 3502 932 3598 scriptori
956 3527 1018 3575 neo
1042 3503 1140 3577 docto
1175 3512 1210 3576 et
1232 3505 1329 3577 uelde
1354 3530 1417 3578 ne-

310 3602 463 3698 gligenti,
490 3603 548 3675 sol
573 3602 774 3674 verissimam
800 3627 874 3676 esse
899 3627 1068 3678 censemus
1090 3605 1258 3680 Boeebbii
1279 3613 1417 3680 senten·
1397 3643 1427 3668 ω
1469 3623 1474 3647 ’

236 3791 238 3802 .
308 3704 408 3794 tiam,
435 3727 517 3799 quac
540 3729 640 3800 quum
666 3713 802 3800 propter
826 3706 909 3779 alias
936 3729 1070 3779 caussas
1095 3709 1234 3779 manime
1258 3709 1417 3805 probabi

309 3805 352 3876 lis
377 3813 441 3895 est,
462 3814 536 3876 tum
562 3805 773 3878 confirmatur
795 3807 1031 3898 Androtionis,
1057 3809 1098 3880 de
1117 3825 1190 3905 quo
1214 3810 1273 3882 ille
1298 3810 1415 3884 eodem
1469 3807 1471 3812 ’

308 3907 343 3978 in
368 3906 531 3978 uolumine
542 3905 872 4004 Inscriptionump.
893 3910 980 3984 906.
1006 3910 1197 4028 disputavit,
1223 3911 1414 3985 testimonio

310 3997 395 4106 apud
422 4007 631 4080 scholiastam
655 4008 875 4106 Aristidis'p
900 4012 986 4084 485.
1023 4012 1079 4106 qui
1105 4011 1217 4085 decem
1240 4022 1413 4110 praetores

307 4111 356 4182 ite
381 4117 638 4200 enumeraverat,
664 4118 701 4180 ut
725 4109 854 4182 adiecta
879 4109 1045 4188 domorum
1069 4114 1202 4187 nomina
1214 4116 1414 4188 consuetum

309 4211 456 4285 ordinem
488 4210 629 4286 tribuum
662 4219 894 4309 sequerentur,
935 4213 999 4288 nisi
1032 4215 1119 4312 quod
1151 4239 1193 4294 ex
1226 4241 1291 4288 una
1323 4217 1412 4289 tribu

308 4311 521 4386 Acamantide
553 4311 617 4384 duo
650 4314 819 4385 memorati
857 4320 934 4384 sunt
965 4323 1155 4410 praetores,
1191 4317 1343 4390 Pericles
1378 4324 1413 4388 et

263 4414 460 4490 761οιιοο.
484 4437 629 4526 qnorum
655 4412 839 4509 Periclem,
873 4438 975 4515 quum
1002 4415 1099 4492 trium
1131 4418 1316 4544 mtimerom
1348 4419 1411 4492 tri-
