3084 5050
400 422 696 488 macarieses
716 421 953 489 emulorum.
1171 418 1233 490 157

127 593 259 693 quidem
283 615 356 666 csse
377 589 549 690 Pythiadis
574 616 755 686 numerum,
781 593 837 690 qni
863 601 915 667 θεῖ
938 593 974 665 in
999 591 1148 684 scholiis,
1174 591 1233 666 scd
1369 585 1380 606 '

126 698 227 770 aliter
259 695 377 767 debere
403 695 547 791 corrigi,
585 719 680 792 qnam
704 695 825 769 factum
851 695 1011 767 ridemus.
1061 691 1110 767 Et
1136 718 1233 792 quum

125 799 162 871 in
194 797 308 872 codice
341 794 558 893 Gottingensi
590 791 634 892 λή
666 820 739 870 θεεθ
771 795 918 888 dicatur,
958 795 1149 870 facillimum
1182 803 1234 869 est

126 900 228 974 scribi
252 893 308 994 κή.
361 896 486 971 Incidit
510 899 596 970 euim
619 898 757 996 Pythias
782 897 969 970 XXVHI.¹
998 898 1034 969 in
1059 895 1233 995 Olympia·

127 1001 179 1074 dis
210 997 372 1072 LXXV.
409 1023 527 1072 annnm
565 1001 718 1093 tertium,
761 1001 854 1072 cuins
887 998 1094 1097 Olympiadis
1127 999 1258 1098 prim05

126 1127 213 1175 anno
238 1109 416 1199 pugnatum
450 1100 492 1173 ad
517 1099 719 1174 Salaminem
752 1092 835 1173 erat}
893 1099 1054 1174 Liberata
1086 1101 1235 1199 igitnra

126 1203 398 1314 barbarissquum
423 1203 510 1275 omni
536 1202 681 1277 Graecia
706 1213 775 1276 tnm
801 1202 969 1276 Salamine
1002 1202 1080 1300 qnid
1105 1204 1234 1294 mirum,

127 1306 158 1378 si
183 1304 336 1402 optatio
361 1304 427 1375 line
452 1306 605 1378 carminis
630 1305 814 1398 Pindarus,
849 1306 910 1378 illa
934 1312 971 1377 nt
995 1303 1131 1378 libertas
1156 1329 1238 1402 per·

125 1399 284 1480 maneat?
332 1404 416 1478 Nam
443 1407 611 1504 siponeis
638 1407 913 1504 comprehendere
939 1406 1108 1498 volumus,
1135 1430 1237 1504 argn-

126 1516 271 1580 mentum
303 1507 455 1578 carminis
472 1507 552 1606 ,hnc
584 1517 648 1580 est·
709 1509 854 1582 Oicitua
887 1510 929 1580 im
956 1521 1105 1608 pacato
1130 1519 1236 1581 statu

128 1606 268 1686 beliicu
298 1609 441 1680 uirtute
467 1619 586 1707 purte
608 1609 732 1708 floret
762 1606 929 1681 leoueatia
960 1607 1109 1683 rudeis.
1161 1601 1237 1682 Ha

126 1724 184 1799 tu,
205 1706 479 1797 Aristomenes,
502 1730 588 1780 eum
601 1734 733 1799 muca,
750 1711 933 1810 eucarpio
946 1721 1131 1810 sequutus
1140 1733 1238 1810 gen·
1309 1797 1313 1806 Ι

126 1813 265 1902 dilium,
291 1831 537 1911 cereumque,
564 1821 610 1882 ut
627 1809 814 1883 Aminaeo
829 1811 907 1900 ille,
929 1833 1162 1910 generosum
1181 1812 1238 1898 in·

127 1912 250 1987 ulem
288 1912 492 1986 maiorum.
557 1912 700 2013 Itaque
738 1909 954 1986 secundent
984 1910 1060 1985 dii:
1102 1911 1238 1985 dorum

128 2016 230 2090 euim
254 2012 324 2086 doc
348 2011 492 2086 domum
518 2023 586 2088 est.
636 2013 766 2114 Saepe
797 2024 841 2085 eu
872 2025 912 2086 et
934 2012 1238 2114 splendidissime

128 2114 264 2206 viciati,
289 2137 501 2216 speresque
516 2118 693 2189 maiora:
718 2112 791 2188 sed
812 2115 1236 2213 creceitcitofhrtuua,

128 2227 378 2318 mutaturque
402 2217 490 2291 cito.
545 2217 648 2292 Num
663 2213 825 2291 umbrae
844 2219 972 2290 iustae·
989 2244 1121 2292 numm
1137 2243 1237 2290 mor·

129 2321 244 2410 tutes,
281 2329 320 2392 et
343 2315 452 2390 modo
477 2317 632 2392 tideus
653 2320 849 2416 propitius
875 2331 934 2392 eet
954 2315 1136 2394 babemus
1161 2342 1237 2419 quo
1268 2379 1277 2396 .

126 2417 385 2521 gaudeamus.
431 2416 603 2518 Aegina,
630 2430 759 2590 τειΪιιθ,
784 2419 977 2516 breuiter,
1003 2444 1155 2521 coaqrae,
1179 2421 1237 2492 im·

129 2521 299 2622 adigenue
322 2518 467 2608 beroea,
492 2531 643 2593 seruate
680 2543 772 2592 oenc
797 2521 990 2592 ciuitatem
1014 2522 1057 2591 im
1082 2544 1157 2619 quo
1182 2530 1243 2594 eat

129 2623 251 2696 libero
282 2630 400 2694 stetu.
457 2618 530 2690 Iam
563 2619 724 2716 explicari
756 2619 899 2713 poterit,
932 2619 1019 2713 quod
1052 2621 1150 2690 aliter
1181 2619 1239 2690 rix

128 2733 209 2821 apte
235 2721 358 2793 dictum
382 2728 484 2810 esset,
509 2719 592 2790 illud
614 2719 654 2790 de
669 2717 917 2814 Porphyriones
942 2715 1078 2815 κέρδος,
1091 2715 1132 2793 di
1155 2717 1239 2816 ‹pto-
1270 2781 1276 2790 .

128 2849 259 2911 aouuu,
285 2814 432 2902 ἑκόντος
455 2824 566 2903 εἴτις
590 2820 630 2894 ἐκ
653 2815 784 2915 δόμων
801 2817 916 2918 φέροι.
966 2820 1073 2893 Recte
1093 2819 1241 2893 animad-

131 2925 233 3000 vertit
256 2922 468 3014 Boeckbius,
507 2923 620 3019 inepta
644 2923 728 3006 baeo
753 2945 839 3015 esse,
866 2923 896 2994 si
922 2921 961 2994 de
987 2924 1059 2995 solo
1084 2921 1240 3020 Porphy-

115 3028 239 3118 rione,
266 3025 322 3123 qui
348 3025 446 3096 bores
466 3024 623 3098 llercnlis
648 3025 808 3120 abegerit,
835 3024 1049 3122 accipiantur,
1076 3026 1135 3097 sed
1161 3049 1240 3122 spe·

133 3137 224 3202 ctare
249 3128 291 3200 ad
315 3125 509 3220 Aeginetas.
561 3122 688 3198 Verum
721 3125 808 3221 qnod
839 3127 911 3223 ipse
943 3127 1058 3200 scribit
1089 3152 1125 3224 p.
1151 3129 1240 3202 310.

133 3230 219 3328 „qui
243 3227 448 3301 lacessiverit
474 3229 708 3320 aduersarium,
735 3228 791 3324 qni
817 3236 933 3324 sponte
960 3228 1142 3301 discordias
1167 3223 1245 3300 mc·¹

136 3332 240 3422 uerit,
272 3331 302 3402 is
334 3329 390 3400 ubi
422 3331 528 3404 rictus
553 3330 672 3420 luerit,
703 3327 934 3403 ‘inicerentur
957 3325 1092 3418 κακόν,
1127 3337 1165 3402 ut
1181 3337 1241 3402 est

135 3431 260 3529 Odyss.
287 3451 320 3504 σ.
347 3434 409 3506 72.
436 3431 500 3502 sibi
525 3430 709 3521 adducens,
740 3430 855 3502 lubens
881 3431 1058 3528 volensque
1085 3431 1241 3505 aduersa-

134 3535 187 3607 riu
216 3533 384 3606 notoriam
416 3532 571 3623 tradidit,
606 3539 644 3603 ut
675 3531 739 3603 diis
763 3530 970 3628 Porphyrio,
1006 3541 1044 3602 ut
1060 3532 1241 3628 Aeginetis

135 3635 356 3708 Athenienses
381 3635 480 3728 paulo
505 3642 580 3706 ante
605 3633 827 3730 profligati:“
861 3633 896 3703 id
921 3633 1012 3705 nullo
1037 3640 1136 3729 pacto
1160 3658 1242 3730 pro·

136 3739 210 3810 bari
233 3742 356 3834 potest.
406 3733 490 3806 Nam
522 3759 617 3807 nemo
649 3735 754 3807 dctus
786 3733 902 3805 lubens
935 3735 1112 3830 volensque
1137 3736 1243 3808 ricto·

137 3841 221 3911 riam
246 3837 346 3910 tradit
372 3837 509 3927 metum,
546 3836 604 3908 sed
630 3836 751 3909 invitus
778 3844 994 3931 coactusque:
1028 3837 1151 3934 alioqui
1175 3861 1242 3908 nun

139 3947 339 4038 pugnasseta
373 3962 435 4010 nec
454 3938 635 4034 profligati,
660 3945 698 4010 ut
718 3937 931 4028 ostendimus,
955 3937 1175 4011 Athenienses
1201 3937 1241 4008 ab

138 4042 326 4138 Aeginetis,
352 4040 412 4112 sed
435 4039 619 4136 Aeginetae
645 4040 685 4110 ab
709 4039 966 4111 Atheniensibus
992 4047 1104 4129 eraot3
1136 4061 1241 4137 neque

1 4223 2 4227 ,
82 4215 86 4220 .
139 4145 174 4216 in
198 4142 460 4240 Porphyrionem
492 4149 527 4212 ct
555 4141 687 4214 abactas
720 4141 760 4212 ab
793 4165 832 4213 eo
865 4140 964 4214 bures
989 4140 1146 4214 Herculis
1167 4143 1243 4213 'ista

140 4246 357 4333 conveniunt3
390 4267 461 4316 nec
477 4241 628 4340 deniqne,
655 4242 807 4316 etiamsi
833 4243 904 4339 quis
931 4243 971 4316 de
996 4243 1117 4316 tradita
1135 4241 1243 4314 rictu·

87 4378 93 4404 a
139 4345 191 4418 ria
216 4345 380 4442 cogitasse
401 4343 581 4417 Pindarum
606 4351 778 4435 statueret,
804 4344 869 4417 dici
895 4369 966 4417 eam
990 4343 1099 4440 potnit
1123 4340 1242 4512 anglis

96 4519 99 4524 .
142 4442 288 4530 ἑκόντος
311 4447 352 4520 ἐκ
376 4441 506 4543 δόμων
531 4443 667 4544 φέρειν.
717 4442 822 4519 Inrrno
847 4451 998 4541 spectant
1016 4445 1098 4515 haec
1111 4441 1153 4513 ad
1205 4463 1244 4514 a·
