3070 5048
401 387 455 448 ιι
478 387 663 450 nnscnrnr
683 383 969 446 ιιιιιιιιιιιι.
999 331 1003 348 “
1176 383 1253 455 ιιι
1313 461 1317 472 ι

11 584 20 602 ¹·
107 577 226 645 nem,
254 554 310 652 qui
334 473 431 626 medo
458 555 584 628 loribus
610 553 733 650 apertis
759 553 836 650 quid
861 553 950 626 intus
976 563 1130 651 ageretur
1153 557 1242 630 indi·
1362 613 1364 618 -
1443 505 1445 516 Ι

131 666 278 748 moeret,
305 658 415 730 statim
448 681 498 730 ue
496 657 696 753 recepisse,
737 665 834 752 atque
867 663 935 727 tum
960 655 1104 752 Pyladee
1131 667 1242 756 partes

10 805 11 817 ι
130 757 255 853 egisse.
296 757 373 831 Est
397 758 430 829 id
457 783 497 831 eu
523 758 738 876 prphahilius‚
764 757 849 853 quod
877 759 942 830 non
966 759 1107 854 amplius
1131 761 1244 833 trede-

131 860 197 930 cim
223 883 338 932 versus
364 860 451 932 inter
475 861 586 932 nuncii
611 869 646 931 ιιι
660 857 806 955 Pyladae
821 859 920 930 verha
944 859 1132 956 interpositi
1155 871 1244 936 suut.

132 959 276 1032 Accedit
307 970 416 1032 autem
441 961 551 1053 aliud,
587 961 685 1058 idque
717 961 820 1033 multo
846 961 980 1058 gravius
1006 974 1243 1058 argumentum,

133 1061 168 1132 in
202 1085 266 1157 quo
301 1062 492 1134 admirabile
526 1065 691 1161 specimen
724 1063 849 1156 ingenii
882 1063 921 1133 ah
952 1063 1026 1159 ipse
1058 1073 1174 1136 natura
1201 1065 1244 1138 ad

133 1163 336 1259 tragoediam
362 1164 443 1236 lacti
464 1164 710 1264 deprehendere
732 1165 811 1235 mihi
826 1163 950 1236 videor.
1001 1163 1085 1238 Nam
1106 1167 1169 1237 etsi
1190 1168 1244 1238 in-

133 1271 186 1335 ter
211 1266 387 1358 satellites,
414 1291 487 1339 cum
512 1267 629 1364 quihus
655 1266 696 1338 ad
721 1267 847 1362 regiam
873 1265 1015 1338 accessit
1029 1264 1182 1359 Orestes,
1208 1270 1244 1341 ιι

134 1389 233 1437 scena
259 1384 455 1464 conspectus
480 1367 543 1440 fuit
568 1367 732 1466 Pylades,
768 1377 876 1438 tamen
908 1369 943 1438 in
976 1375 1047 1441 tota
1073 1368 1244 1464 tragoedia

131 1467 217 1538 nihil
242 1467 314 1558 ille,
342 1493 437 1565 quam
462 1469 497 1540 in
522 1471 596 1566 ipso
619 1494 743 1540 summo
762 1468 963 1559 discrimine,
991 1494 1087 1566 quum
1104 1469 1244 1544 Orestes

134 1591 289 1640 mucrone
315 1570 348 1642 ιι
375 1578 511 1642 matrem
538 1571 667 1644 stricte
681 1594 754 1642 eum
780 1569 832 1640 his
859 1569 966 1642 uerbis
992 1571 1152 1667 appellat,
1252 1579 1258 1590 '

237 1715 411 1815 Πυλάδη,
435 1717 473 1796 τί
497 1715 647 1816 dodum
672 1717 796 1816 μητέρ’
827 1695 996 1795 arderent
1020 1725 1188 1810 κτανεῖνς

134 1870 197 1944 hos
222 1877 291 1944 tres
318 1895 432 1944 versus
457 1873 621 1969 loquitur.

133 2011 138 2018 ¹
235 2029 309 2096 ποῦ
335 2020 471 2096 δαῖτα
497 2020 605 2096 λοιπὰ
630 2019 771 2108 Λοξίου
796 2018 1039 2121 praeterirentur

234 2123 282 2196 col
308 2119 552 2220 πυθόχρηστα
577 2121 688 2198 πιστά
713 2124 746 2197 τ’
777 2122 1039 2219 edopuur'pauuu5

235 2223 403 2310 ἅπαντας
428 2223 589 2324 ἐχθροὺς
612 2233 690 2300 τῶν
715 2225 867 2322 θεῶν’]
845 2234 939 2328 rpperi
964 2225 1085 2301 πλέον.

136 2377 230 2468 Quae
256 2377 356 2449 rerba
381 2385 418 2448 ut
441 2377 515 2473 ipse
540 2401 604 2472 per.
626 2402 662 2448 se
689 2379 883 2472 gravissima
909 2386 985 2451 suot
1011 2388 1045 2450 et
1065 2378 1248 2450 horrendae

136 2477 345 2550 necessitatis
369 2479 489 2573 plena,
515 2475 564 2550 ιιι
586 2479 676 2550 intus
701 2503 767 2550 non
792 2488 971 2573 conspecto
995 2503 1048 2568 eo,
1075 2501 1177 2573 equo
1197 2479 1249 2549 oi-

137 2587 275 2670 cuntur,
311 2581 527 2675 pronunciata
559 2603 626 2650 non
658 2587 836 2675 potuerunt
869 2603 934 2649 non
961 2580 1087 2649 animos
1113 2580 1251 2650 audien-

137 2681 238 2771 tium,
276 2687 439 2776 tamquam
472 2681 502 2752 si
527 2681 603 2750 ah
593 2705 666 2776 apso
694 2680 747 2750 dei
772 2681 908 2751 oraculo
934 2681 1083 2772 exirent,
1123 2680 1251 2776 ingenti
1358 2697 1362 2710 ·

139 2781 276 2877 quedam
303 2781 439 2854 horrore
464 2781 676 2878 perfundere.

239 2881 388 2955 Haec'
360 2909 389 2955 ιι
414 2884 462 2954 ita
487 2907 523 2955 se
544 2885 677 2973 hahent,
705 2881 745 2954 de
763 2881 940 2954 Memnone
957 2827 1127 2977 Aeschyli,
1151 2907 1252 2978 prae-

138 2991 192 3058 ter
216 3009 333 3056 nomen
359 2985 511 3075 lahulae,
546 3007 683 3082 prorsus
716 2985 799 3054 nihil
830 2985 991 3080 reliquum
1018 2992 1081 3057 est.
1132 2983 1251 3088 Itaqu'e

138 3111 181 3158 nc
207 3086 271 3159 hoc
297 3086 425 3183 quidem
452 3088 586 3178 scimus,
612 3086 873 3183 praecesseritne
890 3070 1156 3203 Psyehpstasialn
1174 3085 1253 3157 Me-

139 3213 239 3260 mnon
264 3212 306 3260 ιι
331 3198 487 3285 sequutus
514 3190 571 3261 sit.
615 3187 664 3262 si
696 3198 803 3260 tamen
837 3187 1004 3306 alipuid
993 3211 1028 3258 ιι
1064 3188 1252 3281 reinserta

141 3289 304 3385 suspicari
321 3291 413 3380 licet,
440 3315 506 3361 ιιιι
522 3291 646 3386 inepte,
666 3291 797 3384 opinor,
821 3289 1047 3378 coruiiciemus,
1065 3313 1148 3384 quae
1165 3289 1252 3384 apud
1370 3363 1377 3382 Χ

139 3388 314 3462 Arctinum
340 3392 547 3462 continuatae
570 3398 663 3460 erant
681 3398 816 3478 mortes,
841 3389 1025 3478 Antilochi,
1051 3389 1252 3479 Memnonis,

141 3474 297 3576 Achillis,
322 3515 379 3562 eas
406 3493 538 3562 etiam
528 3517 563 3564 ιι
584 3491 738 3584 Aeschyli
762 3490 866 3560 trihus
893 3489 1072 3585 tragoediis
1098 3490 1259 3587 deinceps
1298 3543 1304 3555 ,

143 3617 217 3664 esse
243 3599 413 3664 tractatas.
464 3590 582 3710 Itaque
609 3592 771 3662 uidebitur
795 3589 967 3680 Memnon,
993 3615 1012 3660 a
1038 3615 1102 3686 qao
1120 3592 1255 3664 Antilo-

143 3695 224 3768 chus
252 3694 477 3784 occideretur,
504 3696 655 3790 primum,
682 3691 916 3785 Psychostasiu
942 3684 1118 3764 secundum
1145 3694 1254 3766 locum

8 3792 13 3800 ’
144 3796 308 3868 tenuisse:
344 3797 442 3866 tertia
474 3795 646 3885 luhnla,
636 3819 671 3865 ιι
704 3816 767 3889 qua
793 3793 958 3864 Achillem
984 3791 1083 3865 Puris
1115 3795 1255 3867 interle-

146 3899 241 3989 cen't,
268 3897 354 3992 quod
381 3922 497 3968 nomen
523 3897 674 3967 hahuerit
699 3895 874 3968 nescimus.

247 3998 464 4090 Wclcherus,
491 4000 546 4094 qui
572 3997 782 4068 Memnonem
807 4005 842 4068 et
866 3995 1132 4090 Psychostasium
1158 3997 1253 4069 unius
1392 4005 1396 4020 '

148 4098 277 4172 fahulae
311 4102 442 4172 nomina
475 4125 548 4172 essu
582 4100 749 4189 crederet,
790 4099 1182 4195 plascentiacum
1207 4097 1256 4184 ad

149 4199 415 4295 Pupuhostasiem
449 4203 576 4274 rettulit
606 4203 685 4276 illos
719 4224 853 4292 versus,
892 4201 928 4272 in
963 4201 1080 4296 quihus
1112 4199 1153 4271 de
1185 4197 1256 4271 Nili

147 4302 366 4376 exundatione
392 4312 446 4376 est
473 4305 672 4400 expositam.
723 4301 791 4393 Qui
817 4325 930 4374 uersus
962 4298 993 4372 si
1024 4308 1100 4372 sunt
1124 4323 1167 4372 cx
1192 4323 1257 4372 ura
1312 4299 1316 4309 “

147 4405 244 4477 hosius
270 4405 424 4501 trilogiae
454 4406 565 4478 lahula
590 4395 731 4500 sumpti,
772 4404 859 4499 qnod
891 4412 1019 4474 tamen
1022 4425 1090 4473 uon
1114 4400 1278 4478 dixerhn7
1364 4397 1377 4424 ²
