3084 5050
322 415 367 486 98
626 420 677 480 DE
699 419 844 482 oraturo
865 419 1121 482 mauraneum.
1150 465 1151 478 .

323 609 420 683 quem
444 590 550 658 totum
574 583 698 658 inillis
719 585 841 660 litteris
863 586 1012 660 babitare
1024 611 1100 658 non
1120 609 1227 683 pauca
1247 583 1319 657 eius
1332 607 1432 681 egre·

323 688 380 784 gia
405 687 529 783 scripta
553 693 728 760 testantur.
779 687 816 760 Is
840 688 944 785 igitur
967 712 1019 760 me
1045 687 1210 760 assidente
1229 687 1320 758 illius
1341 687 1430 758 clas·

323 790 370 862 sis
403 788 590 861 moderator
621 789 697 860 erit.
766 787 907 862 Graecis
939 790 1060 862 litteris
1094 813 1168 864 sese
1200 788 1430 861 exercentibus

321 915 386 986 ego
404 891 495 962 solus
515 911 667 987 praeero;
717 889 934 964 Habebuntur
949 892 1028 962 illae
1045 891 1300 963 exercitationes
1317 912 1430 961 omnes

224 1075 227 1082 ,
322 991 474 1090 publice,
501 992 606 1064 cnivis
631 993 745 1064 barum
770 993 954 1065 litterarum
979 991 1128 1065 studioso
1153 991 1241 1064 lacta
1265 997 1429 1087 potestate

322 1093 491 1164 audiendi.
541 1091 613 1211 Ipsi
640 1091 818 1166 Seminarii
844 1095 975 1166 sodales
1001 1094 1065 1165 etsi
1080 1093 1262 1190 legitimum
1279 1116 1352 1164 esse
1369 1114 1431 1164 vo·

321 1195 446 1266 lomus
456 1201 493 1266 ut
517 1195 686 1290 utriusque
713 1196 1025 1288 exercitationums
1002 1196 1134 1292 generis
1151 1195 1330 1291 participes
1350 1193 1430 1284 sint,

322 1303 431 1367 tamen
464 1296 561 1367 etiarn
594 1297 757 1392 patiemur
788 1303 826 1368 ut
858 1297 929 1392 quis
962 1294 1114 1369 Graecae
1147 1296 1247 1369 classi
1279 1295 1344 1366 soli
1376 1291 1430 1366 ιιι

322 1393 466 1468 Latinae
492 1395 709 1468 adscribatur.
760 1396 923 1470 Numerus
949 1398 1109 1471 sodalium
1134 1397 1283 1469 neutra'
1272 1421 1307 1468 nn
1321 1396 1429 1468 classe

322 1497 427 1570 maior
460 1498 524 1570 erit
556 1498 727 1570 duodenis.
795 1497 973 1572 Sodalibus
1008 1497 1186 1572 Seminarii
1218 1523 1280 1570 sex
1315 1496 1429 1568 ordine

321 1599 436 1696 prrimis
469 1599 633 1698 stipendia
665 1599 775 1696 Regia
806 1602 985 1676 constituta
1010 1609 1106 1692 sunt,
1146 1601 1251 1698 prima
1277 1599 1340 1672 duo
1367 1596 1429 1688 L

320 1701 448 1796 reliqna
480 1707 636 1796 quattuor
659 1657 789 1773 XXX.
821 1699 1108 1776 Ioaebimicorum.
1168 1701 1266 1794 Quod
1300 1699 1429 1796 siquis

321 1801 511 1874 domesticis
537 1802 747 1875 facultatibus
775 1805 856 1876 satis
882 1805 1061 1876 instructus
1089 1804 1176 1898 quod
1201 1805 1233 1874 ei
1259 1801 1429 1873 debebitur

203 1959 209 1970 .
293 1895 519 2000 4stipeadium
545 1904 603 1974 alii
627 1904 745 1976 cedere
772 1905 933 1996 voluerit,
961 1904 1091 1976 dabitur
1115 1904 1150 1975 id
1175 1906 1207 1976 ιι
1233 1903 1289 1999 qui
1312 1903 1430 1974 ordine

319 2005 493 2102 proximus
529 2005 605 2076 erit.
662 2003 865 2078 Promissum
899 2013 951 2078 ιιι
982 2007 1099 2096 ιιιιιι,
1136 2005 1166 2077 ιι
1191 2006 1272 2124 'quis
1302 2026 1428 2094 eornm,

321 2106 379 2202 qni
413 2127 479 2178 non
503 2105 546 2178 ud
570 2108 816 2204 perceptionem
841 2106 998 2203 stipendii
1029 2107 1257 2203 pervenerint,
1292 2113 1431 2201 propter

319 2214 502 2303 egestatem
528 2230 549 2277 a
572 2207 737 2282 directore
769 2207 1012 2280 commendatos
1045 2208 1163 2299 luerit,
1200 2214 1348 2280 curatum
1366 2206 1429 2296 ιιι,

308 2317 358 2380 ,ιι
383 2308 415 2380 ei
439 2309 673 2405 prospiciatur.
723 2307 879 2382 Societas
906 2307 1039 2384 Graeca
1063 2310 1127 2383 etsi
1152 2316 1306 2406 separate
1321 2331 1343 2380 a
1361 2305 1431 2388 Sa·

319 2409 459 2482 ruinario
485 2411 558 2482 sola
579 2435 643 2507 per
668 2436 703 2484 sc
730 2412 906 2502 constabit,
934 2418 1042 2484 tamen
1066 2412 1181 2484 beabit
1207 2412 1278 2483 eins
1304 2409 1430 2482 sodali-
1535 2429 1536 2492 4

320 2511 381 2584 bus
406 2511 504 2586 ctiam
530 2509 715 2584 Serninario
741 2513 854 2588 inseri.
907 2512 1079 2611 Quumque
1105 2515 1138 2586 ei
1162 2511 1326 2588 Societati
1350 2509 1430 2582 Fri-

319 2612 424 2686 doriei
441 2613 586 2710 Augusti
600 2613 706 2711 Regis
724 2613 947 2688 munificentia
960 2639 1119 2690 concessa
1137 2617 1203 2688 sint
1223 2616 1287 2688 tria
1299 2613 1428 2686 XXX.

319 2713 594 2788 Ioacbimicornm
618 2718 798 2814 stipendia,
824 2718 955 2792 sodales
981 2719 1052 2792 eius
1078 2715 1290 2834 Societatis,
1300 2716 1357 2812 qui
1382 2715 1430 2786 si-

319 2817 387 2888 mul
412 2813 598 2890 Seminario
625 2819 784 2916 adscripti
809 2828 924 2911 erunt,
965 2821 996 2892 si
1019 2819 1265 2916 pervenerint
1254 2843 1290 2888 nn
1314 2839 1430 2888 nunne-

320 2939 394 2988 rum
420 2943 481 2992 sex
495 2919 675 3014 primorum
693 2919 871 2994 Seminarii
888 2920 1063 3010 sodalium,
1089 2918 1263 3014 stipendiis
1280 2917 1430 2990 fruentur

319 3017 382 3109 iis,
424 3043 507 3115 quae
541 3021 593 3092 bis
626 3022 790 3095 destinata
822 3030 917 3108 sunt;
962 3019 1049 3115 quod
1085 3020 1114 3091 si
1151 3019 1224 3114 quis
1261 3041 1375 3088 eorum
1410 3043 1431 3090 a
1533 3045 1534 3062 ι

321 3117 454 3194 Graeca
479 3123 638 3195 societate
664 3123 861 3220 stipendium
887 3121 1048 3209 babuerit,
1075 3120 1110 3190 id
1135 3118 1312 3214 accipiet
1301 3142 1345 3234 rs,
1373 3121 1429 3214 qui

318 3222 361 3294 ab
395 3223 464 3296 illis
497 3249 559 3296 sex
591 3226 761 3321 proximus
787 3223 886 3295 erit
875 3247 910 3294 nn
936 3219 1135 3294 Seminario.
1197 3216 1268 3293 Sed
1299 3219 1329 3290 si
1355 3220 1429 3315 quis
1531 3269 1533 3276 ι

321 3324 375 3396 ιιι
399 3325 518 3398 ιιιιιιι
543 3323 712 3402 Societate
739 3315 930 3398 Graecam
944 3319 1178 3412 Seminarium,
1205 3321 1257 3392 rel
1275 3317 1430 3394 Semina·
1532 3403 1533 3412 ἵ

321 3426 372 3498 rio
398 3427 553 3500 relicto
542 3452 578 3500 m
603 3425 806 3500 Societatem
832 3423 996 3498 Graecam
1021 3424 1202 3514 transierit,
1231 3424 1373 3514 amittet,
1398 3423 1429 3495 si

281 3600 284 3608 ,
320 3528 409 3626 quod
427 3528 577 3600 babuerit
595 3528 803 3645 stipendium,
830 3550 870 3598 ac
886 3534 955 3597 tum
970 3525 1098 3596 demum
1110 3525 1309 3621 impetrabit,
1331 3549 1429 3620 quum

165 3701 168 3708 .
291 3681 300 3698 .
321 3655 357 3702 ιι
383 3653 435 3719 ea,
460 3629 495 3700 in
521 3653 586 3724 qna
610 3629 673 3700 erit
698 3628 940 3717 communitate,
965 3627 1074 3699 locum
1101 3627 1277 3698 obtinuerit
1302 3627 1430 3722 stipen-

167 3783 170 3792 -
213 3739 214 3742 ’
322 3729 378 3804 dio
406 3730 572 3802 donatum.
622 3728 671 3800 Et
694 3726 876 3801 Societatis
902 3726 1053 3801 Graecae
1079 3736 1114 3800 et
1127 3726 1305 3802 Seminarii
1330 3728 1430 3800 soda-

204 3849 206 3856 ’
323 3835 373 3904 ιιι
405 3830 552 3924 exempti
586 3838 662 3902 suut
694 3825 899 3903 examinibus
930 3830 1113 3926 Regiorum
1145 3830 1428 3928 stipendiatornm.

321 3932 398 4004 Hae
430 3931 523 4024 leges
556 3931 825 4028 conditionesque
850 3932 994 4030 scriptae
1025 3940 1101 4004 sunt
1125 3930 1303 4005 Seminarii
1327 3930 1429 4026 Regii

324 4039 361 4104 et
384 4030 554 4104 societatis
580 4029 731 4106 Graecae
757 4033 939 4107 sodalibus.
988 4032 1085 4108 Nunc
1113 4034 1154 4106 de
1180 4033 1429 4106 exercitationi·

325 4131 386 4204 bus
411 4155 524 4204 corum
550 4132 720 4206 dicendum
745 4143 810 4209 ιιι.

427 4233 666 4330 Antiquitetem
692 4235 896 4311 Graecorum
921 4244 956 4310 et
980 4236 1202 4310 Romanorum
1227 4235 1428 4331 cognoscere

144 4410 149 4422 ,
329 4335 534 4429 uolentibus,
570 4338 639 4409 sire
670 4339 770 4412 uitam
802 4340 854 4412 bis
887 4338 1005 4412 studiis
1037 4360 1128 4410 suam
1159 4336 1270 4409 dicere
1301 4334 1427 4427 uolunt,

329 4439 400 4512 sire
424 4435 459 4513 id
484 4463 525 4512 eo
552 4440 690 4514 coasilio
715 4448 830 4540 agunt,
855 4449 892 4515 nt
909 4439 969 4548 ‘rel
994 4439 1035 4510 ad
1061 4437 1143 4512 alias
1168 4437 1333 4514 docuinas
1350 4437 1429 4510 sub·
