3086 5050
331 287 399 359 Μ
576 291 715 354 catulo
735 293 778 354 IN
799 291 924 356 SACBlS
945 235 1209 356 &comanus
1393 245 1414 377 ,Ι

332 467 500 558 potestate
526 461 587 534 sua
602 459 772 534 latiturus
790 466 940 558 sperante
976 457 1110 534 Utinam
1124 457 1256 537 tandem·
1271 458 1455 558 aliquando

335 585 449 636 annes
480 561 564 634 illud
597 562 823 658 intelligerent
854 569 888 634 et
921 563 1053 659 penitus
1077 562 1187 636 animo
1210 561 1352 636 infixum
1376 584 1453 636 ser-

334 671 470 756 varent,
505 663 594 760 qnod
624 672 659 737 et
683 665 801 739 mentis
833 664 921 738 ratio
945 663 1043 738 donet
1074 671 1109 736 et
1132 662 1212 735 libri
1235 664 1325 739 seori
1350 688 1451 761 aper·

332 766 461 840 tissime
493 766 766 862 comprobarunt,
802 766 918 863 illique
946 765 1008 838 riri
1034 765 1269 857 defenderunt,
1309 791 1450 862 quornm

332 867 433 942 lrodie
467 866 650 942 instaurata
688 876 740 942 est
771 868 947 958 memoria,
989 891 1056 942 non
1087 867 1242 940 virtutem
1274 867 1449 962 religionis

333 992 452 1043 neusse
476 993 550 1042 esse
576 969 766 1061 colendam,
800 969 860 1043 sed
883 969 1078 1065 religionem
1104 967 1214 1042 datam
1239 988 1313 1042 esse
1337 969 1450 1041 lomi-

331 1071 448 1163 nilns,
484 1078 521 1143 ut
552 1070 593 1142 ud
619 1071 773 1144 virtutem
804 1072 1049 1150 incitamentum
1074 1070 1252 1162 luberent,
1288 1069 1387 1167 idque
1414 1077 1449 1144 et

331 1172 563 1269 grarimimum'
591 1181 626 1246 et
650 1172 904 1248 sanctissinum.
963 1171 1040 1246 Hoc
1062 1177 1146 1248 ‘cnm
1171 1179 1248 1249 roto
1274 1195 1337 1244 nos
1363 1196 1448 1268 qno⁴

313 1265 395 1372 ¹qne
428 1273 523 1348 nolis
555 1273 775 1351 insollemni
807 1261 904 1348 illiue¹
924 1272 1083 1371 temporis
1108 1273 1338 1348 recordatione
1364 1299 1446 1348 con·
1531 1353 1532 1362 χ

250 1377 251 1382 ’
331 1377 547 1472 gratulamur,
573 1400 637 1474 quo
664 1377 753 1450 cives
778 1377 885 1450 nostri
909 1376 1049 1473 primum
1074 1375 1179 1451 libere
1204 1374 1349 1471 prolessi
1370 1384 1445 1448 sunt

330 1479 423 1550 illum
447 1477 620 1573 religionis
646 1477 796 1571 formam,
825 1501 910 1576 *qnae
934 1502 1002 1552 nou
1027 1501 1070 1550 ex
1095 1477 1262 1550 honrinum
1286 1501 1444 1574 qnorum-

330 1579 405 1652 dum
430 1580 563 1677 planitie
590 1603 629 1654 ae
655 1580 817 1671 decretis,
854 1579 914 1652 sed
947 1603 990 1652 ex
1021 1579 1105 1676 ipsis
1130 1579 1248 1651 lrausta
1273 1588 1365 1652 esset
1390 1605 1443 1652 sa-

328 1705 460 1756 crorum
486 1682 645 1754 librorum
671 1682 887 1755 testimoniisa
924 1703 1007 1777 quae
1040 1705 1103 1776 quo
1130 1679 1323 1775 diligentius
1350 1680 1442 1754 dein-

329 1807 410 1880 ceps
442 1791 540 1879 atque
570 1784 756 1858 srenrutius
792 1784 959 1880 explicata
990 1792 1067 1856 snnt
1099 1805 1139 1854 ae
1169 1782 1361 1873 declarata,
1403 1807 1440 1855 eo

180 1941 187 1952 ,
328 1885 434 1980 magis
460 1885 612 1982 apparuit
637 1887 825 1981 certiusque
850 1894 1058 1982 perspectum
1080 1893 1150 1974 est,
1190 1884 1225 1954 in
1248 1884 1442 1980 integritate
1531 1931 1532 1976 3

327 1985 433 2079 animi.
460 1996 494 2057 et
526 2010 649 2058 morum
683 1988 847 2084 probitate
878 1988 1020 2084 positam
1052 2009 1126 2058 esse
1152 1985 1328 2083 pietatem,
1369 2011 1441 2078 nec,

325 2111 425 2182 quum
452 2110 525 2159 sese
551 2086 751 2182 sequendum
782 2111 858 2160 esso
891 2087 978 2160 dixit
1011 2088 1140 2160 divinus
1173 2087 1348 2183 religionis
1379 2113 1441 2160 no-

326 2196 415 2260 stroe
448 2188 620 2279 eonditor,
661 2190 809 2262 seclusos
843 2213 917 2262 eum
951 2213 972 2260 a
1005 2189 1175 2262 beatorum
1207 2188 1340 2260 sedilus
1366 2212 1439 2260 esse
1504 2238 1508 2244 -

326 2289 491 2382 uoluisse,
532 2291 589 2386 qui
622 2291 675 2364 vel
708 2298 785 2362 ante
812 2293 854 2363 'se
887 2291 1013 2386 puriter
1039 2292 1139 2364 vitam
1171 2291 1340 2386 egissent,
1373 2288 1438 2382 vel,

324 2399 499 2489 postquem
523 2392 597 2488 ipse
624 2416 701 2465 reru
716 2393 896 2485 docuisset,
913 2393 999 2466 aliis
1021 2392 1236 2467 monitoribus
1251 2400 1309 2464 uut
1322 2401 1437 2489 suopte

324 2494 484 2566 instinctu
510 2517 546 2566 se
571 2495 694 2591 probos
719 2496 976 2591 praestitissent,
1002 2493 1062 2566 sed
1087 2495 1158 2566 illis
1182 2493 1341 2566 minatum
1367 2519 1437 2566 esse

325 2595 465 2668 delitum
494 2595 681 2686 vindictam,
709 2597 764 2692 qui
790 2597 1029 2693 cognitorem
1054 2604 1213 2691 rectoque
1237 2621 1273 2668 se
1300 2597 1437 2668 sceleri·

325 2695 384 2771 tus
409 2705 443 2768 et
469 2697 605 2792 llagitii's
630 2699 817 2794 implorent.
869 2696 986 2795 Itaque
1009 2722 1181 2794 precamur
1202 2697 1299 2768 duum
1319 2695 1368 2770 Ο.
1384 2697 1435 2769 Μ.

321 2807 360 2876 nt
384 2798 520 2894 indigne
545 2800 605 2872 illa
630 2807 664 2874 et
690 2799 848 2896 pestilera
874 2800 1030 2890 dissidia,
1065 2823 1147 2896 quoe
1173 2823 1216 2873 ex
1243 2808 1310 2882 tam
1335 2800 1434 2895 longo

322 2907 470 2996 tempore
496 2901 620 2996 agitatu
653 2913 729 2974 sunt
762 2912 796 2974 et
821 2926 909 2974 nuno
934 2902 1040 2974 denno
1067 2901 1179 2973 multis
1205 2901 1311 2973 modis
1338 2902 1435 2975 effer-

323 3002 481 3092 buerunt,
518 3027 584 3074 non
608 3003 643 3074 in
670 3003 764 3095 odie,
798 3004 833 3075 in
858 3003 1017 3095 insidias,
1052 3003 1087 3074 in
1112 3003 1252 3094 caedes,
1287 3002 1435 3074 inbelle

321 3126 513 3198 erumpere,
547 3105 607 3176 sed
631 3103 761 3200 pleoide
788 3113 885 3200 utque
911 3105 959 3176 ite
984 3105 1137 3200 componi
1154 3104 1267 3194 sinat,
1302 3105 1351 3175 uti
1376 3127 1434 3176 ae·
1460 3174 1466 3188 ,

322 3228 418 3301 quum
445 3216 498 3276 est
520 3205 608 3278 inter
632 3229 711 3297 eos,
748 3199 902 3303 quinon
928 3206 989 3278 alii
1012 3207 1096 3278 alios
1121 3206 1186 3281 sibi
1211 3205 1292 3278 solis
1317 3199 1433 3302 propi-

170 3345 201 3411 .'
321 3308 387 3379 tius
413 3307 514 3397 deos,
550 3307 610 3380 sed
636 3332 747 3380 ornnes
774 3333 870 3381 unum
898 3308 993 3382 deum
1018 3309 1089 3380 veri
1113 3307 1261 3403 rectique
1287 3307 1432 3380 iustissi·
1501 3339 1507 3345 ·

84 3411 89 3435 ¹
232 3460 240 3474 ,
274 3405 407 3482 13ωιιιιι
440 3409 580 3482 indicem
607 3418 814 3483 uenerantur.
866 3409 971 3484 Nobis
998 3410 1148 3506 quidem,
1186 3410 1242 3504 qui
1267 3410 1354 3482 lane
1378 3434 1435 3480 re·-

321 3511 452 3606 gionern
485 3508 684 3584 Germaniae
720 3512 914 3602 incolimus,
948 3512 983 3584 in
1016 3535 1096 3608 qua*
1111 3510 1253 3609 primum
1284 3510 1343 3582 sax
1373 3510 1431 3582 illa

320 3613 413 3684 cuins
439 3611 561 3685 lumine
587 3612 725 3685 fruimur
750 3637 890 3686 aceensa
915 3620 979 3704 est,
1005 3614 1105 3710 longe
1132 3620 1207 3685 ante
1225 3613 1308 3684 alies
1325 3621 1434 3686 terras

319 3709 447 3785 lentior
471 3739 545 3787 sors
572 3714 710 3810 obtigit,
748 3716 836 3812 quod
860 3715 977 3788 saltem
1003 3741 1067 3786 non
1097 3703 1295 3812 permultum
1320 3715 1433 3810 tangi-

318 3811 484 3887 mnr'illis
510 3817 593 3888 rixis
619 3829 654 3890 et
681 3816 847 3910 dissidiis,
874 3841 1011 3913 quorum
1036 3815 1130 3888 furor
1154 3816 1239 3892 slilri¹
1260 3824 1432 3913 grassatur

317 3915 660 4012 intemperantissime.
711 3919 838 3992 Aroent
869 3919 909 3990 alo
936 3919 1030 3992 nolis
1057 3919 1154 3994 istam
1179 3917 1431 4015 perversitatem

316 4017 466 4109 indoles,
499 4021 647 4112 navitas,
681 4019 821 4093 eruditio
848 4022 986 4117 populi;
1017 4030 1113 4093 *arcet
1138 4044 1215 4092 rere
1242 4020 1299 4116 pia
1327 4021 1429 4093 virtus

317 4121 434 4217 optimi
458 4127 492 4192 et
508 4117 741 4218 sapientissimi
760 4120 879 4220 Regis,
905 4124 999 4196 euius
1013 4124 1167 4215 natalem,
1194 4121 1304 4194 fausto
1321 4122 1429 4196 omine

317 4231 354 4294 ut
382 4223 505 4318 ‘pignus
539 4223 631 4320 pacis
649 4229 700 4295 'et
730 4223 927 4298 concordiae
962 4249 1035 4296 cum
1066 4223 1245 4298 hodiernae
1279 4223 1347 4298 diei
1371 4249 1430 4296 so·

316 4323 484 4398 lemnitnte
509 4325 688 4418 sociatum,
724 4349 764 4398 eo
792 4327 913 4400 iuniore
939 4350 1013 4401 eum
1037 4327 1158 4432 gaudio
1185 4350 1291 4423 eoque
1317 4326 1429 4400 sinee-
