3084 5050
314 405 377 474 122
500 441 504 450 ·
620 407 671 470 old
692 407 837 470 oaorem
858 407 1117 472 mauruntus

238 621 239 641 t
312 583 451 670 utraque
475 583 569 672 parte
595 575 705 648 funem
730 577 900 651 traherent
923 576 1038 674 pueri,
1075 600 1140 672 quo
1176 575 1273 672 alteri
1298 575 1422 670 alteros

313 676 416 749 adse
441 678 691 774 pertraherent,
726 701 929 774 consequens
955 686 1046 770 crat,
1065 685 1128 769 nt,
1165 677 1220 774 qni
1246 677 1423 749 ualidiores

313 786 436 870 essent,
463 779 603 878 amplius
629 788 726 876 atque
752 781 891 877 amplius
916 803 1031 852 manns
1055 779 1249 871 iniicerent,
1280 779 1425 852 maiore-

179 937 181 946 ,
273 900 275 904 ’
312 905 375 977 que
401 888 495 978 parte
521 881 608 953 lunis
634 881 820 978 potirentur
837 884 899 979 ¹³).

414 997 479 1070 His
506 992 694 1096 explicatis,
722 1023 805 1098 quae
829 1001 864 1072 in
891 991 1114 1098 eltera‘partc
1140 997 1307 1090 aeruminis,
1333 995 1425 1071 Bac·

313 1099 474 1198 chylidem
500 1101 695 1200 respiciens,
723 1101 807 1174 dixit
822 1100 1000 1195 Pindarus,
1028 1101 1077 1173 sic
1103 1100 1292 1173 cohaerent.
1342 1097 1425 1172 Mo-

299 1210 369 1274 net
394 1201 594 1294 Hieronem,
629 1210 668 1274 ut
693 1211 848 1300 reputans
875 1203 931 1300 qni
956 1204 1012 1296 sit,
1041 1210 1228 1274 contemnet
1252 1201 1424 1274 scurrilem

272 1343 273 1348 =
313 1311 563 1396 assentatorem,
599 1303 686 1376 sicut
711 1299 994 1377 Rhadamanthus-
1042 1301 1167 1400 Ingens
1192 1304 1278 1376 enim
1303 1305 1424 1376 malum

312 1430 393 1478 esse*
412 1403 510 1477 istud
534 1428 638 1503 genus
671 1414 704 1479 et
730 1406 762 1478 ei
788 1407 841 1478 cui
866 1407 1093 1498 blandiantur,
1130 1412 1165 1477 et
1188 1401 1231 1476 iis
1257 1429 1339 1502 quos
1366 1429 1425 1478 ca-

311 1507 523 1580 lumnientur.
575 1505 645 1580 Sed
671 1507 704 1579 id
731 1507 789 1580 isti
814 1506 938 1581 homini
963 1507 1045 1580 nihil
1060 1505 1286 1604 profuturnmz
1324 1530 1361 1578 se
1383 1507 1423 1579 ah

136 1695 140 1706 ,
312 1631 352 1681 eo
378 1618 484 1681 tntum
510 1632 596 1701 esse,
630 1611 706 1705 quia
731 1609 814 1682 nihil
839 1611 971 1682 valeant
996 1610 1066 1682 eius
1093 1609 1193 1682 dicta.
1244 1607 1424 1681 Nihilomi-

150 1771 154 1785 .
199 1728 203 1736 “
310 1735 372 1784 nus
406 1711 499 1798 illum
533 1735 645 1783 omncs
665 1711 873 1800 ,blandiendo
908 1710 1144 1784 circumuenire
1170 1709 1315 1782 studere.
1375 1707 1423 1782 Se

311 1838 390 1884 uero
416 1813 568 1910 ingenuis
594 1813 738 1885 moribus
765 1812 852 1905 es‘se,
879 1813 1017 1886 amicum
1042 1813 1167 1902 amico,
1197 1812 1331 1884 inimico
1356 1811 1424 1884 ini-

285 1907 448 1986 'micumr
488 1914 523 1985 id
556 1914 643 1984 enim
673 1915 708 1984 in
742 1915 831 1986 omni
862 1913 968 1987 forma
999 1913 1049 1987 rei
1080 1913 1233 2009 publicae
1248 1956 1251 1967 ›
1265 1913 1423 2010 optimum

252 2013 255 2018 ’
311 2040 398 2088 esse.
449 2011 525 2085 Non
551 2013 811 2086 contendendum
837 2039 910 2086 esse
936 2013 1093 2087 aduersus
1114 2014 1222 2106 deum,
1249 2015 1305 2113 qui
1324 2015 1423 2089 modo

309 2115 388 2188 huic
412 2113 510 2188 modo
537 2115 595 2186 olii
620 2113 741 2186 iaieot.
793 2114 920 2187 Verum
953 2140 994 2188 ne
1020 2116 1105 2189 hanc
1136 2115 1267 2212 quidem
1293 2117 1424 2214 cogita-
1512 2201 1513 2208 ἵ

301 2217 432 2289 ‘tionem
458 2217 515 2288 isti
539 2215 652 2288 invido
679 2217 759 2288 satis
785 2215 915 2309 iacere,
949 2217 1027 2310 sed,
1062 2217 1139 2314 quia
1164 2241 1200 2290 se
1227 2218 1377 2316 superari
1403 2243 1423 2292 a

257 2379 259 2390 ,
309 2315 456 2392 Pindaro
486 2317 604 2410 videat,
633 2311 791 2410 eruciari,
826 2343 928 2417 nsque
955 2319 1030 2391 dum
1056 2321 1088 2391 ei
1112 2321 1274 2392 nocuerit.
1324 2319 1423 2394 Lan-

311 2420 442 2520 guidins
476 2418 610 2515 scripsit
642 2419 720 2492 dhh³
759 2417 846 2494 οὐδὲ
879 2427 1018 2509 ταῦτα,
1053 2422 1240 2518 rectiusque
1274 2420 1422 2496 dicturus

310 2531 382 2595 eret
408 2519 487 2594 ἀλλ’
517 2519 598 2593 οὔτι
623 2527 753 2594 ταῦτα.
805 2523 898 2613 Quae
925 2529 1124 2620 sequuntur,
1151 2523 1322 2598 ferendum
1347 2549 1422 2598 esse

175 2633 178 2647 ¹
237 2641 243 2650 '
308 2627 421 2721 iugum
453 2622 575 2695 cervici
607 2623 813 2718 impositum3
853 2625 1015 2697 luhricum
1047 2625 1133 2697 enim
1166 2648 1239 2698 esse
1272 2627 1422 2700 excalci-

309 2735 398 2798 trare
424 2725 580 2796 adversus
615 2723 800 2812 stimulum3
835 2726 901 2797 iam
933 2751 998 2800 non
1033 2725 1073 2798 de
1098 2727 1299 2824 Bacchylido
1333 2728 1421 2801 dicta

270 2908 273 2916 f
309 2828 484 2901 existimor
522 2849 593 2896 nam
621 2825 661 2896 ad
687 2826 774 2898 hune
799 2827 828 2898 si
853 2827 1074 2920 referrentur,
1100 2829 1182 2900 nihil
1208 2829 1297 2900 aliud
1324 2855 1421 2926 quam

242 2928 246 2937 '
309 2937 535 3026 repeteretur,
570 2926 657 3024 ‘quod
691 2927 742 3000 his
776 2927 896 3000 dictum
924 2937 1013 3019 erat,
1045 2925 1117 3025 χρὴ
1143 2925 1184 3000 dd·
1210 2925 1301 3024 πρὸς
1325 2927 1422 3007 θεὸν

310 3029 378 3104 οὐκ
395 3027 543 3126 ἐρίζειν.
576 3029 713 3102 -Potius
739 3053 775 3100 se
797 3029 904 3125 ipsum
924 3031 1114 3102 consolator
1127 3027 1305 3120 Pindarus,
1331 3033 1421 3106 idern

309 3131 421 3204 dicens
449 3131 535 3227 quod
560 3130 740 3203 Horatinst
774 3133 895 3203 louinco
909 3125 971 3228 fit
986 3132 1203 3230 patientia,
1229 3129 1427 3233 quidquid

217 3226 221 3234 ’
308 3237 510 3334 corrigere
536 3243 596 3306 oet
617 3231 744 3330 nesae.
794 3229 850 3304 Ea
879 3232 983 3330 igitur
1007 3240 1115 3304 mente
1143 3240 1236 3328 optat
1267 3256 1420 3330 securus,

219 3417 221 3436 ι
307 3346 345 3408 ut
369 3338 527 3432 probetur
551 3334 705 3406 Hieroni.
791 3357 793 3362 ’
1356 3375 1359 3384 -

410 3472 502 3562 Quae
535 3459 693 3544 hactenus
726 3469 888 3561 diximus,
926 3475 975 3542 eo'
991 3468 1149 3560 redeunt,
1184 3475 1222 3542 ut
1253 3469 1419 3569 inprime

307 3579 403 3668 parte
429 3573 595 3664 carminis,
623 3571 776 3646 nunciata
802 3571 940 3644 uictoria
964 3570 1117 3644 laudetur
1132 3569 1240 3646 Hiero
1266 3572 1306 3644 oh
1323 3574 1419 3644 lihe-

307 3683 399 3747 ratos
426 3675 505 3747 helli
529 3684 617 3746 metu
641 3672 788 3766 Locros,
814 3673 954 3770 dumque
978 3681 1015 3744 ut
1039 3674 1189 3770 ingratus
1215 3673 1419 3772 vituperatur

258 3771 505 3869 24Anaxilaus,
529 3777 607 3849 huic
631 3777 768 3848 multum
793 3774 1022 3849 anteferendus
1046 3774 1229 3863 indicatum
1252 3777 1287 3846 in
1313 3777 1418 3872 altera

169 3909 173 3920 1
308 3888 403 3976 parte
436 3888 545 3962 autem
577 3875 971 3976 occurraturjacalnmniis
998 3876 1222 3972 Bacchylidis.
1273 3877 1417 3974 Reliqua

309 3992 386 4054 sunt
409 3979 616 4072 intermedia,
642 4003 703 4076 per
728 3993 810 4077 quae
838 3979 1015 4050 cohaerent
1039 3979 1118 4078 illae
1144 3979 1233 4082 duae¹
1252 3989 1383 4076 partes:
1440 4073 1444 4084 J

354 4313 358 4322 ¹
394 4283 438 4367 ¹³)
469 4285 543 4344 Haec
569 4303 658 4360 parum
686 4283 818 4342 credibilia
843 4281 962 4344 videntur
985 4283 1134 4345 Boechhio:
1167 4288 1191 4341 si
1218 4291 1328 4345 sciretur
1355 4267 1415 4365 duid

274 4419 279 4427 .
307 4364 437 4458 orddpra
458 4362 585 4450 περισσὰ
606 4373 634 4428 in
655 4389 685 4427 eo
707 4369 767 4428 ludu
788 4377 865 4441 esset,
886 4370 994 4430 iudicari
1014 4389 1092 4448 posse
1113 4389 1146 4428 an
1167 4378 1235 4430 recte
1256 4369 1320 4430 haee
1341 4394 1415 4432 ame

307 4461 435 4534 explicata
455 4459 516 4516 sint.
577 4492 582 4504 x
824 4479 826 4484 ·
1130 4459 1133 4464 ’
