3070 5048
18 1591 20 1600 ψ
168 1467 1230 1686 AnscHYn1,PsvcH0sTrtslA.t)

664 1371 787 1436 nur
1257 1353 1280 1422 3

1250 1757 1259 1768 a

600 1792 799 1802 mn———u-——n

142 1949 236 2058 Res
268 1981 356 2054 seria
388 1989 439 2054 est
470 1965 675 2078 antiquitatis
706 1951 964 2080 pervestigatio,
1006 2007 1068 2053 neo
1100 1983 1255 2080 iipgendo

34 2089 39 2106 ‘
141 2083 246 2160 facias
272 2093 309 2156 ut
333 2083 434 2154 fuerit
460 2081 547 2180 quod
571 2107 636 2154 non
662 2083 744 2174 snit,
779 2083 838 2154 sed
864 2081 1087 2182 quid'suerit,
1122 2084 1152 2155 si
1177 2083 1253 2176 fuit,
1366 2091 1371 2170 ζ

13 2961 34 3008 Ι

119 2185 281 2276 χίσεῒὶίνιιε
313 2183 533 2282 producendis
573 2183 851 2282 explorandisque
868 2185 871 2196 '
892 2192 943 2256 est
958 2177 1255 2282 'cognoscendum

134 2285 308 2384 ,Exemplo
336 2285 402 2356 sint
426 2284 613 2355 mortiferae
639 2294 767 2376 sortes,
802 2287 918 2382 quihus
946 2309 1043 2382 quum
1068 2287 1254 2382 Aeschylus

140 2387 281 2460 Homeri
305 2384 420 2458 Iovem
446 2393 551 2455 utrum
577 2384 704 2456 Achilli
731 2409 771 2455 an
797 2384 938 2457 Hectori
971 2386 1172 2482 pereundum
1200 2411 1255 2458 es·
1368 2475 1378 2488 N

141 2497 194 2562 set
218 2488 253 2560 iu
279 2487 403 2558 trutina
428 2485 665 2582 expendentem
687 2484 916 2576 admiraretur,
944 2509 1014 2556 eam
1032 2509 1101 2556 rem
1122 2487 1162 2556 ad
1181 2487 1254 2558 ani-

140 2615 211 2662 mas
236 2588 379 2662 Achillis
412 2596 446 2658 et
470 2585 659 2658 Memnonis
691 2588 884 2658 translatam
916 2586 951 2656 in
985 2586 1147 2657 theatrum
1172 2611 1253 2683 pro-

136 2690 262 2784 ducere
288 2713 386 2760 ausus
413 2695 476 2779 est,
503 2687 782 2782 tragoediamque,
807 2687 844 2758 in
871 2711 934 2784 qua
961 2687 1000 2757 de
1026 2685 1158 2758 illorum
1186 2689 1253 2762 vita

140 2793 276 2866 heroum
294 2789 507 2880 deliberatur,
540 2785 799 2883 Ψυχοστασίαν
816 2788 1007 2884 appellavit.
1030 2859 1033 2864 ,
1057 2785 1160 2860 Cuius
1182 2797 1252 2861 tra-

137 2892 280 2990 goediae
306 2900 530 2988 argumentum
556 2915 620 2987 quo
646 2890 742 2962 modo
769 2891 990 2986 composuerit
1016 2896 1112 2986 atque
1128 2899 1252 2963 tracta-

134 2995 245 3088 ¹verit,
283 2993 339 3065 vix
365 2993 479 3089 paucis
506 2992 737 3090 superstitibus
765 2991 914 3088 vestigiis
940 2989 1027 3062 haud
1053 2991 1150 3094 facite
1178 2993 1251 3088 quis

69 3103 78 3126 ²
141 3095 276 3187 dixerit,
302 3094 420 3168 nedum
446 3104 483 3166 ut
509 3093 548 3165 de
576 3093 700 3165 duabus
727 3094 910 3192 aliisquae
938 3117 1010 3164 cum
1036 3092 1096 3162 illa
1112 3095 1251 3166 coniun-

141 3205 214 3268 ctae
239 3197 362 3278 iuerint
387 3196 567 3292 tragoediis
594 3195 683 3266 aliud
716 3219 812 3290 quam
841 3193 949 3266 tenuis
976 3195 1131 3290 suspicio,
1147 3197 1282 3279 relic-J

141 3304 271 3398 quatur.
329 3296 419 3368 Illud
452 3296 581 3392 quidem
615 3297 686 3366 veri
718 3295 824 3368 simile
858 3304 930 3385 est,
971 3305 1140 3390 sequptum
1176 3321 1249 3368 esse

139 3407 270 3498 poetam
297 3421 356 3490 ea,
390 3421 473 3494 quae
498 3395 709 3492 Aethiopidis
742 3396 886 3487 scriptor
910 3397 1067 3467 Arotinus
1093 3395 1247 3471 Milesius

139 3507 342 3574 narraverat.
393 3495 447 3568 De
474 3522 513 3570 eo
540 3497 682 3570 Procius
713 3497 748 3567 in
774 3497 940 3592 excerptis
974 3495 1248 3570 clrrestomathiae

140 3601 191 3676 aie
222 3595 343 3672 referta
376 3595 550 3692 Ἀμαζὼν
576 3595 822 3672 Πενθεσίλεια
855 3595 1096 3698 παραγίνεται
1126 3597 1249 3694 Τρωσὶ

141 3695 457 3800 συμμαχήσουσα,
484 3699 618 3799 ’Ἀρεως
642 3696 712 3793 μὲν
736 3693 932 3798 depereo,
962 3701 1112 3794 Θρᾷσσα
1138 3697 1179 3774 dd
1204 3700 1274 3807 od,

137 3803 255 3906 ydros,
289 3799 352 3876 eet
376 3801 507 3876 κτείνει
533 3799 650 3896 αὐτὴν
675 3795 943 3896 ἀριστεύουσαν
968 3795 1159 3894 Ἀχιλλεύς.
1212 3803 1247 3876 οἱ

141 3901 182 3978 dd·
202 3911 322 4002 Τρῶες
336 3901 453 3998 αὐτὴν
469 3898 658 3976 θάπτουσι
671 3898 734 3975 καὶ
751 3899 932 3996 Ἀχιλλεὺς
948 3899 1123 3998 Θερσίτην
1139 3902 1246 3976 daeo·
1341 3913 1342 3916 ’
1474 3903 1477 3908 ’

141 4010 209 4104 ρεῖ,
234 4003 464 4104 λοιδορηθεὶς
495 4003 585 4101 πρὸς
612 4003 727 4080 αὐτοῦ
758 4002 821 4078 καὶ
846 4001 1065 4086 ὀνειδισθείς
1095 4003 1161 4080 τὸν
1185 4005 1244 4078 ἐπὶ

138 4115 185 4204 τῇ
204 4106 449 4204 Πενθεσιλείᾳ
474 4103 670 4208 λεγόμενον
687 4107 815 4206 ἔρωτα.
867 4103 929 4181 καὶ
953 4107 993 4180 ἐκ
1008 4101 1141 4182 τούτου
1156 4101 1242 4180 στί·
1351 4131 1354 4134 ·

224 4359 579 4444 *mecaenatem
711 4381 714 4404 ¹
