3070 5048
139 393 148 408 ι
276 337 340 434 alu
594 367 645 428 uu
661 363 856 428 arcuum
876 362 1077 426 morant.
1196 447 1198 457 Ι

276 534 509 608 Pandatariam
533 531 667 608 immani
691 531 896 606 coturnicum
920 555 1057 608 numero
1076 529 1240 627 'insigues
1253 552 1396 605 noeme-

276 639 362 710 rarit
388 635 500 710 Varro
534 633 575 732 dp
608 633 653 706 R..
686 633 732 708 R.
758 632 830 704 ΠΙ.
857 633 901 725 5,
935 637 973 710 7.
1007 640 1044 706 ut
1077 629 1239 728 Ortygiae
1271 655 1397 704 nemen

278 739 366 812 ononi
400 735 550 810 interiori
582 733 702 808 ltaliae
738 735 929 808 conueniat.
990 734 1043 807 Ae
1073 744 1186 832 uotum
1217 739 1272 806 ast
1302 733 1398 806 eirea

276 839 453 938 Neapolim
485 837 767 909 innumerabilium
803 837 919 910 nubem
946 835 1149 910 coturnicum
1177 835 1287 911 velatu
1313 833 1398 910 sati-

277 951 424 1040 gatarum
451 939 558 1013 littori
582 939 783 1012 incumbere.
835 933 1159 1010 Videnddltntnnis
1176 935 1317 1010 historia
1331 957 1397 1008 na-

277 1041 394 1117 turalis
420 1044 528 1115 arium
553 1037 602 1112 Τ.
627 1037 679 1111 Π.
712 1063 748 1140 p.
774 1037 862 1116 459.
889 1064 960 1138 seq.
1020 1035 1145 1111 Verum
1178 1038 1237 1110 isti
1262 1037 1398 1134 quidem

276 1143 417 1238 Homeri
442 1142 603 1238 Ortygiae
628 1143 720 1216 nulla
746 1141 929 1216 commuuio
955 1148 1008 1214 est
1032 1166 1105 1213 eum
1131 1139 1260 1215 Dianae
1287 1136 1399 1235 Orty-

151 1269 155 1286 ’
278 1247 362 1340 piis,
403 1270 446 1318 ex
479 1267 614 1342 quarum
646 1267 712 1316 unu
738 1239 925 1340 Sophoclea
958 1243 992 1314 in
1019 1242 1211 1316 Trachiniis
1246 1265 1277 1314 e.
1304 1245 1397 1316 212.

268 1337 441 1445 Ἄρτεμιν
459 1340 662 1446 Ὀρτυγίαν
688 1344 795 1434 dixit,
822 1345 909 1440 quod
935 1344 1131 1421 scholiastes
1155 1343 1397 1440 interpretatur

276 1447 347 1546 τὴν
372 1449 412 1524 εὐ
430 1444 612 1548 Ὀρτυγίᾳ
636 1443 860 1541 τιμωμένην.
918 1445 1045 1520 Earum
1079 1470 1162 1542 quae
1189 1445 1233 1518 sit
1258 1445 1339 1537 illa,
1375 1469 1397 1516 a

279 1575 344 1650 qua
376 1559 526 1630 caeterae
559 1557 637 1622 sunt
662 1549 910 1640 denominatae,
945 1547 1056 1645 prodit
1082 1571 1196 1638 versus
1221 1545 1397 1621 Homerici

278 1654 313 1727 iu
338 1653 529 1752 Apollinem
554 1651 665 1747 hymni
693 1651 754 1726 16.
781 1674 846 1748 quo
865 1647 1001 1724 Latona
1025 1648 1197 1748 peperisse
1223 1648 1346 1722 dieitur

60 1841 63 1846 ·
169 1801 255 1878 *lo
380 1801 449 1900 τὴν
473 1801 545 1898 μὲν
569 1803 611 1876 ἐν
628 1797 820 1904 Ὀρτυγίῃ,
846 1799 914 1876 τὸν
938 1797 980 1874 δὲ
1005 1808 1150 1898 κραναῇ
1176 1795 1371 1898 ἒυὶΔήλῳ,

278 1955 440 2052 repetitus
456 1955 524 2030 ‚ille
549 1953 585 2024 in
610 1907 762 2050 Orphica
788 1954 823 2028 b.
848 1949 1033 2032 XXXIV.
1060 1954 1098 2028 5.
1131 1950 1395 2029 Consentaneum

218 2064 220 2073 '
279 2065 332 2130 est
358 2055 444 2126 enim
461 2055 643 2150 proximam
659 2055 748 2126 Delo
765 2053 934 2126 Rhenearn
949 2055 1106 2151 intelligi,
1134 2054 1174 2156 de
1193 2079 1257 2152 qua
1272 2053 1394 2130 Strabo

279 2155 332 2229 X.
359 2157 396 2246 5,
424 2157 461 2228 5.
487 2180 521 2252 p.
548 2157 636 2230 486.
664 2153 734 2227 sive
762 2156 828 2227 rol.
854 2153 922 2227 lv.
948 2181 984 2252 p.
1000 2159 1088 2230 324.
1115 2151 1329 2252 decaecato
1354 2152 1396 2232 dd

279 2255 343 2333 καὶ
360 2253 540 2359 Ὀρτυγία
565 2252 758 2353 πρότερον,
784 2279 866 2354 quae
893 2259 992 2330 rerba
1008 2256 1230 2354 Spanhemius
1256 2259 1298 2330 ad
1315 2256 1396 2330 Cal·

280 2360 351 2434 lin.
378 2358 412 2432 h.
439 2359 520 2431 Del.
547 2361 609 2433 37.
641 2383 677 2456 p.
703 2359 792 2434 408.
825 2359 911 2430 falso
938 2359 979 2430 ad
1005 2359 1126 2432 Delum
1153 2360 1276 2453 refert,
1313 2383 1394 2457 quae

142 2541 145 2552 ,
282 2461 416 2558 etipsa
442 2461 530 2534 dieta
556 2469 607 2532 est
626 2459 781 2558 Ortygia,
807 2469 845 2533 ut
870 2461 956 2532 idern
983 2469 1017 2534 et
1041 2463 1107 2534 isto
1132 2463 1208 2536 loeo
1234 2471 1270 2534 et
1294 2461 1337 2534 ad
1361 2462 1397 2534 h.

281 2561 398 2660 Apoll.
425 2563 487 2638 59.
522 2562 676 2635 ostendit.
736 2561 862 2634 Contra
895 2563 992 2636 etiam
1026 2563 1197 2636 Rheneem
1221 2564 1303 2636 Deli
1335 2589 1397 2638 no·

282 2665 369 2735 rnine
402 2674 550 2738 vocatam
584 2689 658 2736 esse
691 2664 738 2736 ait
770 2664 967 2736 scholiastes
993 2664 1170 2738 Theocriti
1202 2665 1243 2738 ad
1268 2664 1397 2741 XVII.

197 2858 204 2868 ,
283 2769 346 2842 79.
379 2763 437 2837 Ex
462 2767 525 2838 hae
549 2765 653 2862 igitur
678 2764 822 2862 Ortygia
847 2765 976 2838 videtur
1000 2765 1109 2840 natale
1135 2767 1243 2840 solum
1267 2767 1397 2842 Dianae

285 2867 555 2940 eonrmunicatum
582 2891 655 2940 esse
681 2878 754 2939 curn
780 2865 855 2938 aliis
881 2868 986 2960 loeis,
1020 2869 1211 2942 nominatim
1241 2893 1317 2942 eum
1344 2895 1397 2962 eo,

219 3037 222 3044 .
285 2969 342 3064 qui
366 2968 401 3040 in
425 2979 534 3041 monte
560 2967 714 3041 Aetoliae
741 2967 900 3041 Chalcide
933 2969 1040 3042 dictus
1075 2980 1127 3042 est
1159 2967 1321 3074 Ortygia,
1356 2971 1397 3044 de

287 3093 351 3168 que
376 3066 499 3142 Strabo
524 3071 576 3141 Χ.
602 3095 638 3167 p.
664 3071 752 3145 459.
785 3077 918 3142 etcum
944 3066 1214 3168 nieioa‘llpheso
1241 3071 1417 3168 Ortygia,
1501 3111 1506 3132 ·

262 3171 320 3242 -in
342 3195 415 3266 ·qoa
447 3172 560 3242 nutmn
586 3169 714 3243 Dianae
741 3168 884 3266 Ortygia
916 3174 1087 3245 colebatur
1118 3171 1283 3247 Strabone
1310 3181 1398 3246 teste

285 3269 393 3345 XIV.
418 3297 453 3369 p·
479 3274 568 3348 639.
595 3299 687 3369 seq„
718 3273 863 3368 'denique
898 3299 970 3346 cum
993 3274 1076 3367 illa,
1113 3299 1196 3372 quae
1222 3274 1398 3371 Syracusis

287 3381 339 3446 est
364 3376 558 3466 coniuncta,
593 3377 663 3447 sive
689 3375 768 3447 illas
795 3399 838 3446 ex
864 3376 1067 3448 coturnicum
1093 3375 1397 3474 admigratienibus,

287 3477 357 3548 sire
384 3476 425 3547 ob
452 3499 546 3548 saera
563 3475 691 3548 Dianae
718 3500 788 3554 eam
815 3485 891 3558 sunt
916 3478 1169 3574 appellationem
1196 3478 1350 3577 adeptae.
1384 3514 1387 3519 ·

388 3576 442 3649 lta
455 3579 681 3676 multiplicatis
700 3579 804 3650 saeris
819 3579 961 3670 Dianae,
988 3581 1294 3678 communicatoque
1310 3583 1399 3654 cultu

289 3685 362 3762 eum
388 3680 525 3750 aliarum
550 3681 765 3776 religionibus
799 3679 931 3751 dearum
964 3705 1030 3754 non
1064 3690 1115 3754 est
1148 3682 1244 3754 nobis
1264 3685 1399 3756 animus

289 3781 419 3876 singula
444 3784 610 3878 persequi,
638 3805 721 3878 quae
746 3783 865 3879 partim
890 3783 1150 3879 inexplicabilia,
1177 3783 1298 3880 partim
1316 3783 1425 3858 deli-v.

289 3888 436 3954 ramenta
468 3884 730 3980 rnythologorum
762 3885 877 3980 suut,
894 3886 947 3958 vel
974 3882 1188 3980 Calydonium
1220 3911 1313 3958 suern
1346 3895 1399 3958 aut

290 3981 487 4056 Arcadicam
511 4010 618 4059 ursam
645 3985 787 4056 Dianam
812 4009 886 4058 esse
908 3987 1173 4082 irnaginantiunr,
1207 3989 1399 4086 ursulasqse

292 4084 486 4180 appellitare
513 4094 720 4160 consecratas
754 4087 835 4158 deae
860 4087 1064 4172 Brauroniae
1092 4091 1222 4185 puellas
1247 4114 1313 4162 non
1340 4091 1398 4162 du-

293 4180 493 4258 ditantium..
532 4187 628 4258 Illud
655 4189 765 4283 potios
798 4187 1014 4284 attingemus,
1054 4191 1142 4286 quod
1173 4191 1209 4263 in
1232 4189 1396 4290 Apollinis

292 4290 485 4384 Dianaeque
520 4289 727 4360 veneratione
763 4289 903 4360 maxime
936 4287 1115 4364 mirandum
1149 4291 1255 4366 rideri
1289 4293 1396 4384 dehet,

125 4397 145 4430 ·‘
294 4393 350 4487 qni
374 4389 499 4462 laetum
522 4389 586 4484 sit,
612 4398 661 4483 ut,
689 4391 720 4462 si
745 4389 896 4487 ptimitus
922 4390 957 4463 hi
982 4391 1029 4463 dii
1054 4390 1118 4466 Sol
1143 4402 1178 4467 ct
1201 4391 1303 4484 Luna
1324 4393 1398 4481 lue-
