3076 5046
294 340 358 408 168
573 337 868 401 EMENDATIONES
889 338 1126 408 amoturum.

293 508 371 584 Non
398 508 472 580 dico
498 505 688 600 ἔχθιστον,
715 504 803 601 quod
830 503 933 578 videri
949 505 1057 601 possit
1078 465 1271 600 α’ίσχίστον
1295 509 1410 604 potius
1460 599 1462 604 Ι
1527 485 1528 490 ¹

295 611 362 684 dici
388 609 553 699 debuisse,
579 616 617 679 nt
641 608 676 678 in
701 606 900 679 scholiastae
922 608 1145 704 explicatione
1163 605 1413 705 αἰσχρότατον

295 713 403 786 codex
429 707 662 807 Gottingensis
694 733 756 804 pro
783 703 1014 805 ἐχθρότατον
1039 709 1156 781 habete
1189 735 1264 783 nam
1290 708 1413 808 exqui-

198 851 203 870 .
295 814 391 888 sitius
416 812 547 884 uidetur
571 810 748 905 ἔχθιστον
774 810 814 882 de
841 835 880 881 eo
907 809 1043 901 dictum,
1070 811 1157 907 quod
1172 820 1325 910 tanquam
1347 815 1413 886 bo·
1528 826 1529 831 ’

286 916 356 990 ¹stis
382 922 500 986 nocet:
535 913 594 985 sed
617 909 661 985 τὸ
687 908 749 998 dd,
780 911 867 1007 quod
892 912 1133 1007 quumdebeat
1156 920 1267 986 τοῦτο
1293 911 1335 987 δὲ
1361 915 1413 986 si-

234 1093 236 1098 ,
295 1017 473 1114 gnificare,
500 1015 558 1086 vix
584 1021 693 1086 tamen
719 1013 758 1083 ab
784 1014 910 1087 lectore
936 1014 989 1083 vel
1015 1014 1164 1086 auditore
1191 1016 1288 1087 alitor
1313 1039 1412 1111 quam

295 1143 357 1218 pro
384 1117 523 1189 articulo
551 1116 745 1212 accipietur,
771 1114 834 1186 hac
860 1113 989 1210 quidem
1014 1115 1049 1185 in
1075 1117 1312 1213 compositione
1333 1142 1413 1190 vcr-

296 1221 423 1294 borum.
475 1216 573 1308 Quod
605 1218 634 1288 si
659 1240 840 1313 pronomen
866 1216 1153 1297 demonstrativum
1181 1242 1254 1291 esse
1280 1217 1323 1292 ud
1351 1242 1413 1292 vo-

295 1323 414 1395 luisset
426 1319 605 1409 Pindarus,
633 1325 722 1389 certe
749 1317 847 1390 credo
871 1341 944 1390 oum
959 1345 997 1390 τε
1018 1327 1096 1414 post
1117 1317 1216 1402 νέαις
1231 1320 1413 1406 addidisse.

297 1422 441 1496 Omnino
468 1428 575 1492 antem
604 1419 664 1498 ,hic
696 1444 762 1490 nou
796 1425 862 1490 tam
896 1415 1183 1522 demonstrativum
1215 1447 1411 1520 pronomen,

297 1549 393 1622 qnam
420 1521 440 1595 d
465 1523 638 1593 relativum
657 1521 923 1618 exspectabatur.
976 1522 1051 1612 Quo
1076 1521 1198 1595 factum
1224 1530 1288 1614 est,
1314 1533 1361 1614 ut
1376 1525 1413 1596 iu

296 1625 447 1723 plurimis
473 1623 571 1696 codd.
598 1624 728 1718 legatur
752 1618 795 1695 τὸ
823 1617 890 1717 δή,
925 1624 1013 1718 qnod
1046 1631 1154 1696 tamen
1179 1649 1199 1695 a
1225 1633 1335 1697 metro
1356 1650 1413 1698 rc-
1529 1639 1530 1716 d

155 1753 157 1763 ‘
295 1727 462 1826 pudiatnr.
522 1724 711 1797 Relativum
743 1748 926 1821 pronomen
956 1726 1109 1822 legerunt
1141 1727 1238 1798 etiam
1265 1725 1413 1802 scholia·
1529 1719 1530 1724 ’

297 1837 381 1920 stae,
409 1829 465 1925 qui
491 1851 551 1922 por
577 1823 664 1922 ὅπερ
689 1827 959 1922 interpretantur.
1009 1826 1152 1900 Accedit
1173 1826 1275 1900 alind.
1326 1827 1413 1901 Nam

298 1930 376 2028 qnid
401 1938 453 2001 est
479 1927 567 2024 quod
591 1926 791 2019 Pindarum,
833 1952 928 2023 quem
964 1927 1049 2000 alias
1081 1954 1205 2001 summa
1239 1930 1413 2026 diligentia

298 2055 432 2106 curasse
454 2030 616 2118 ridemus,
644 2036 681 2100 ut
705 2029 900 2124 syllabarum
927 2055 1098 2102 mensurae
1125 2031 1188 2103 sibi
1213 2039 1330 2104 exacte
1354 2056 1413 2104 rc·

299 2132 519 2229 sponderent,
553 2130 588 2201 in
614 2131 679 2202 hoc
704 2154 801 2202 versu
826 2137 892 2208 tam
918 2133 1138 2230 negligentem
1166 2133 1268 2205 luisse
1296 2132 1412 2230 deprc-

216 2247 218 2256 ’
299 2232 483 2324 hendimus,
510 2238 548 2302 ut
573 2255 646 2302 cnm
673 2241 706 2305 et
732 2257 751 2303 a
777 2233 933 2305 trochaeo
960 2242 994 2304 et
1020 2257 1039 2304 a
1065 2234 1211 2330 spondeo
1236 2236 1411 2333 inciperet,

300 2335 395 2431 eique
428 2331 506 2431 pedi
537 2339 570 2405 et
596 2332 759 2429 dactylum
787 2341 827 2404 et
858 2336 1187 2431 proceleusmaticum
1221 2333 1411 2428 subiiceret,
1529 2335 1530 2348 ¹

300 2436 397 2533 idque
430 2461 496 2508 non
524 2442 641 2508 caussa
667 2437 776 2532 aliqua
801 2434 939 2527 idonea,
977 2437 1035 2510 sed
1067 2439 1166 2533 planc
1193 2447 1328 2536 practer
1351 2463 1412 2510 ne-

301 2530 516 2612 cessitatem?
565 2535 608 2607 Id
634 2538 714 2608 mihi
739 2534 871 2634 quidam
896 2563 994 2635 quum
1020 2540 1150 2611 omnino
1176 2566 1242 2613 non
1270 2541 1339 2612 veri
1364 2540 1412 2612 si-

301 2640 378 2712 mile
404 2639 554 2729 videtur,
579 2646 649 2711 tum
675 2664 714 2710 eo
740 2639 867 2730 minus,
901 2640 988 2738 quod
1013 2641 1049 2712 in
1073 2642 1241 2738 plerisque
1267 2643 1411 2739 strophis

216 2738 218 2754 '
300 2767 362 2838 per
387 2741 520 2816 criticos
547 2741 687 2836 expulsa
719 2749 770 2812 cst
800 2741 889 2814 iusta
920 2765 1085 2814 mensura.
1144 2735 1279 2816 Certum
1311 2745 1412 2818 babe-

240 2897 242 2904 s
277 2833 372 2915 'mus
398 2843 494 2916 metri
520 2865 666 2913 normam
691 2842 725 2914 iu
752 2843 896 2914 secunda
921 2845 1127 2941 antistropha
1151 2855 1186 2916 ct
1209 2847 1327 2920 tertia:

402 2993 503 3090 ὄφρα
531 2991 644 3086 Θέμιν
668 2988 773 3088 ἱερὰν
799 2989 979 3068 Πυθῶνά
1003 3023 1042 3068 τε
1066 2995 1130 3068 καί
1155 2993 1377 3092 ὀρθοδίκαν.

401 3099 547 3181 Μοῖσα,
573 3092 615 3167 τὸ
637 3091 678 3167 dd
695 3089 792 3183 τεόν,
819 3099 851 3167 si
870 3097 1000 3192 μισθῷ
1019 3093 1222 3194 παρεχέμεν
1239 3097 1411 3174 συνέθευ.
1529 3121 1530 3130 ’

301 3245 385 3321 Cum
411 3272 451 3319 ea
476 3253 663 3343 congruunt
692 3246 799 3343 prima
824 3247 979 3342 stropha,
1016 3255 1051 3320 et
1084 3255 1233 3344 quartum
1258 3251 1413 3348 stropha-

302 3375 372 3422 rum
397 3373 480 3448 par:

401 3497 516 3597 ματρὶ
532 3497 633 3597 παρὰ
650 3497 800 3574 Μελίαν
816 3497 988 3597 χρυσέων
1001 3502 1037 3583 ἐς
1054 3499 1197 3577 ἄθυτον
1213 3498 1410 3600 τριπόδων.

401 3608 480 3676 τῶν
511 3599 584 3702 γὰρ
617 3599 691 3676 dccci
722 3596 830 3679 πόλιν
861 3599 1044 3700 εὑρίσκων
1074 3602 1121 3677 τὰ
1152 3603 1248 3698 μέσα
1272 3631 1412 3702 ponpo-
1529 3631 1530 3642 ¹

909 3749 912 3754 ,
954 3704 1061 3797 τέρω.

334 3889 338 3900 ¹
402 3800 579 3877 καλλίονα
602 3799 776 3880 θοίνατον
794 3862 803 3876 .
820 3860 829 3877 .
846 3776 1058 3905 χλυκντοίίᾳ
1082 3813 1202 3906 χινιᾷ.

305 3955 451 4047 Quorum
484 3980 635 4028 versuum
667 3957 703 4029 iu
734 3955 840 4052 primo
867 3957 945 4030 libri
970 3953 1065 4055 πάρ,
1098 3959 1302 4030 insecundo
1329 3982 1411 4029 nnus
1529 3955 1530 3958 '

305 4057 412 4130 (roden
437 4054 506 4145 ἄν,
543 4082 626 4154 qnae
659 4066 794 4154 recepta
826 4067 902 4131 sunt
928 4084 948 4130 a
973 4060 1099 4133 criticis
1124 4060 1411 4132 inconsideratius.

304 4159 505 4257 Repugnant
538 4161 615 4232 hnic
646 4159 818 4240 mensurae
857 4169 926 4232 tres
959 4160 1017 4232 alii
1056 4185 1187 4251 versus,
1229 4185 1313 4235 unus
1345 4162 1411 4253 bic,

305 4263 345 4333 dc
379 4286 442 4357 qno
476 4261 700 4359 disputamus,
717 4307 719 4314 ,
739 4259 857 4334 deinde
889 4261 923 4337 in
957 4261 1099 4335 secunda
1131 4263 1268 4360 stropha
1296 4264 1413 4338 tertia-

306 4387 368 4460 que
394 4363 448 4437 bi:
