3076 5046
206 363 209 368 ¹
293 413 344 476 nn
365 409 583 478 manorum
603 409 873 478 eonommonn
891 409 1039 472 urmes.
1153 406 1217 506 ιιι

105 579 205 678 lyrici
230 601 326 672 cecc,
362 579 439 676 qaia
464 580 602 654 aiterum
633 579 741 652 altero
770 601 838 650 non
862 575 1069 668 excluditur,
1103 599 1218 652 rernm
1371 570 1374 578 ’

105 683 207 758 ctiam
239 705 303 760 nce
336 679 506 768 dramatici
531 705 594 754 nec
617 680 733 775 lyrici,
768 680 800 751 si
832 679 1109 774 extemporuhbue
1133 679 1219 752 iocis

105 783 396 866 conviciabantur.
422 781 482 856 sed
500 782 620 855 luerint
641 781 754 877 lyrici:
780 805 846 854 non
868 779 958 852 volat
979 788 1087 854 tamen
1104 781 1220 854 istius·
1246 839 1250 860 ,

60 923 65 936 ·
104 885 195 958 rnodi
221 883 448 956 caufiancnlas
475 883 636 981 appellari
661 883 781 977 lyricas
807 879 1006 956 comoedias.

207 984 363 1076 Deinde,
397 1009 438 1056 nc
464 984 651 1082 tragoedias
676 981 815 1056 Pindari
847 991 881 1054 ct
906 980 1088 1058 Simonidis
1120 990 1220 1079 putc-

104 1112 189 1162 mus
203 1112 225 1160 a
252 1086 338 1160 ιαΙίι
358 1085 551 1181 Byzantinis
576 1084 816 1160 litteratoribus
840 1083 937 1158 fictas
961 1107 1048 1176 csse,
1074 1084 1221 1158 interce-

105 1189 184 1263 dere
219 1188 268 1261 ait
300 1188 497 1264 vetustiores
530 1187 571 1260 de
604 1188 741 1282 tragicis
767 1186 912 1278 choris,
933 1211 998 1258 non
1031 1185 1219 1260 dramatieis

104 1291 260 1388 qnidam,
286 1297 410 1380 testes,
442 1290 477 1362 in
503 1291 619 1388 quibus
645 1313 718 1362 esse
743 1286 963 1362 Herodotum.
1014 1286 1219 1362 Herodotum

102 1393 287 1466 removisse
314 1390 440 1462 videor.
491 1388 561 1463 Sed
593 1392 651 1487 qni
682 1397 758 1464 sunt
789 1383 967 1486 reliqui?
984 1389 1038 1462 Ab
1063 1388 1219 1487 Diogene

101 1490 250 1567 Laertio
275 1491 344 1565 IX.
374 1495 460 1566 110.
485 1516 522 1565 sc
548 1492 628 1564 dicit
653 1493 809 1564 scientem
836 1491 1012 1582 abstinere,
1040 1491 1126 1587 qnod
1151 1516 1220 1564 non

101 1594 186 1668 eatis
213 1594 352 1689 liqueat,
378 1601 486 1665 utrum
508 1593 567 1664 illc
590 1589 802 1709 τραγῳδίας
821 1599 855 1663 et
872 1588 1048 1687 δράματα
1061 1590 1220 1712 τραγικὰ

101 1695 300 1768 distinxerit
331 1717 448 1766 necne.
488 1692 560 1765 Dc
592 1692 736 1819 Timone
768 1691 919 1764 nimirum
951 1693 1101 1764 uillarum
1133 1695 1220 1766 ucri·
1304 1731 1307 1748 ·

100 1806 202 1924 ptore
228 1795 486 1891 sicDiogencur
518 1791 696 1922 καὶγὰρ
704 1787 891 1888 ποιήματα
909 1791 1131 1918 συνέγραψε,
1155 1791 1221 1867 καὶ

101 1899 171 1994 ἔπη
197 1923 263 1972 και
251 1893 499 2024 τραγῳδίας
517 1892 580 1970 καὶ
602 1890 786 1992 σατύρους
802 1921 866 1968 και
853 1890 1057 1992 δράματα
1069 1891 1222 2024 κωμικδι

102 1993 1082 2198 11101111131111111111111131
1089 1993 1221 2195 tlt.

102 2203 224 2300 pharao
250 2227 285 2299 p
275 2202 396 2277 .977.
420 2225 493 2298 seq.
520 2202 561 2274 dc
589 2201 741 2292 caeteris,
769 2224 852 2297 quae
879 2197 1219 2274 contraLobcckinm

104 2306 206 2378 allata
217 2312 322 2393 sunt,
348 2302 435 2374 inira
460 2304 600 2393 dicetur,
627 2327 725 2398 quum
750 2301 791 2372 de
816 2302 1087 2398 inscriptionibus
1107 2302 1220 2399 expli·

104 2407 246 2478 cabitur.
297 2401 368 2476 Sed
394 2427 530 2499 quereum
556 2428 591 2499 p.
580 2403 697 2479 ..765
723 2400 764 2472 ad
788 2403 1011 2476 assensionem
1027 2401 1219 2476 Boeckhins
1341 2485 1348 2494 ,

103 2497 357 2602 provocato.
376 2428 514 2576 1111111αι1
539 2512 573 2576 at
597 2501 659 2575 Fr.
685 2501 756 2573 Th.
771 2501 963 2592 Welchcri,
990 2525 1104 2574 corum
1123 2503 1221 2576 Mai·

104 2608 232 2682 larus
221 2634 258 2680 ιι
281 2605 441 2678 Doricus.
474 2604 542 2678 rol.
567 2601 620 2675 Π.
646 2628 682 2699 p.
709 2603 797 2678 368.
829 2625 908 2674 sane
934 2601 1073 2697 arripuit
1097 2627 1217 2676 nouum
1287 2652 1297 2672 ι

73 2741 77 2746 ’
103 2710 295 2828 inyentum,
330 2705 397 2778 nisi
422 2704 508 2801 qnod
533 2728 575 2776 ne
600 2703 640 2776 ab
666 2703 770 2798 lyrica
803 2701 932 2820 quidem
957 2701 1128 2797 tragoedia
1152 2703 1266 2776 mi-12

103 2812 224 2882 micam
251 2806 430 2885 actionem
447 2806 587 2878 alienam
612 2828 686 2878 csse
712 2803 836 2895 voluit,
869 2804 947 2900 quia
977 2804 1042 2876 iam
1066 2803 1220 2878 inuentor
1338 2811 1341 2819 '

104 2911 227 3008 tragici
260 2909 350 2982 modi
373 2907 480 2980 Arion
511 2915 640 3003 satyros
673 2907 774 2979 choro
809 2905 1009 2978 adiunxerit.
1058 2903 1115 2978 ltu
1141 2929 1218 2980 vero

104 3013 290 3108 periculum
323 3017 394 3103 est,
431 3033 472 3082 nc
503 3009 609 3106 lyrica
640 3009 706 3082 ista
737 3007 951 3104 tragoedia'
940 3032 974 3082 un
1008 3006 1219 3082 dramaticum

105 3123 234 3206 vertat,
255 3135 290 3184 a
323 3135 386 3209 qua
413 3111 573 3184 diuersam
600 3111 702 3184 fuisse
728 3111 833 3183 voluit
857 3109 1062 3184 Boechhiuu.
1112 3110 1243 3186 Arion·

107 3166 237 3310 quideni
263 3214 416 3287 inventor
446 3214 637 3311 perhibetur
669 3213 757 3308 dithy
760 3212 877 3284 rambi.
929 3211 1086 3304 Quod
1058 3237 1108 3286 ιι
1119 3211 1219 3284 hodie

105 3317 215 3411 placet
245 3314 333 3409 dithy
336 3315 481 3388 rambum
512 3338 598 3386 nouo
629 3316 760 3386 numine
791 3314 916 3410 lyricae
940 3313 1131 3409 tragoediae
1157 3336 1220 3410 ap-
1264 3357 1270 3364 -

105 3419 256 3512 pellere,
284 3341 362 3511 quid
387 3414 517 3486 tandem
542 3415 694 3486 ellectum
720 3414 802 3502 crit,
833 3438 929 3509 quam
952 3422 990 3486 ut
1016 3412 1141 3487 Gracci
1166 3414 1220 3486 di·

60 3605 61 3610 ρ
106 3517 294 3614 thyrambos
320 3515 512 3605 habuerint,
547 3537 615 3586 nen
645 3514 818 3586 habuerint
849 3516 970 3608 lyricas
1002 3509 1219 3632 tragoedias?

20 3675 25 3682 .
106 3615 166 3692 11
171 3643 255 3693 uero
281 3617 406 3701 dodun,
426 3615 618 3688 sciebamus.
669 3614 874 3687 Welckerus
900 3616 1042 3687 autem
1031 3639 1068 3686 ιιι
1081 3615 1220 3712 Appen·

108 3719 178 3796 dioc
194 3718 374 3814 Trilogiaa
400 3741 434 3813 p.
451 3718 538 3790 244.
565 3739 608 3786 ex
633 3716 767 3787 nornine
786 3715 909 3810 lyricae
930 3714 1124 3810 tragoediae
1137 3737 1219 3792 con-
1290 3717 1297 3722 ”

107 3821 198 3916 iecit,
220 3821 371 3917 ,fabellas
396 3817 614 3913 Dionysiacos
641 3816 764 3890 diesve
790 3816 922 3888 choricc
948 3839 1021 3888 csse
1046 3823 1217 3912 tractatas,
1296 3895 1300 3912 ⁸
1415 3861 1419 3870 ·

6 3967 13 3984 .
109 3923 191 3996 miro
216 3922 315 3996 modo
342 3945 385 3994 cn
410 3921 460 3992 rei
482 3917 979 3994 commenticiaecommcnticia
995 3917 1218 4014 appellatione

50 4105 53 4115 ,
112 4026 293 4122 colligens,
320 4023 416 4119 quale
441 4020 541 4093 fucrit
565 4020 599 4091 id
606 4061 633 4113 ‚·
654 4020 741 4116 quod
765 4020 868 4092 fuisse
893 4043 958 4092 non
984 4028 1055 4092 crat
1081 4019 1218 4096 demm-

113 4132 260 4198 stratum.
309 4127 374 4198 At·
389 4124 475 4198 cnim
506 4122 584 4194 huic
616 4146 744 4220 qnoque
770 4123 867 4218 plene
893 4130 1101 4217 persuaserat
1124 4122 1216 4197 Boc·

114 4224 249 4300 chhiusr
286 4251 385 4321 quare
411 4224 514 4315 addit,
541 4247 585 4296 ex
610 4249 675 4320 qno
700 4247 760 4321 per
784 4223 1016 4320 inscriptiones
1030 4221 1218 4300 Orchome-

113 4326 184 4400 uias
209 4328 388 4402 innotuerit
413 4325 584 4422 tragoedia
608 4326 724 4421 lyrica,
749 4325 815 4396 iam
839 4349 905 4399 non
929 4326 1032 4398 licere
1057 4325 1092 4396 in
1118 4325 1218 4398 chro-
1318 4340 1338 4368 ³
1448 4373 1456 4393 .

114 4426 188 4500 nico
212 4427 405 4524 Hieronymi
430 4428 472 4500 ad
492 4424 751 4525 Olymp.LX1.
777 4426 834 4498 nbi
846 4423 1103 4526 Xenophanes
1118 4423 1217 4525 phy·
