3076 5046
334 361 384 420 ΠΕ
405 361 620 424 uuuuuuuuu
642 361 910 468 conouumuuu
931 361 1079 428 uuulce
1194 362 1260 432 218

125 529 220 626 luat
243 521 385 618 Suidas,¹
410 525 574 600 Pindarus
601 535 708 601 autem
733 526 856 624 lyricus
880 527 994 620 fuerit,
1019 554 1086 603 uon
1110 530 1258 626 potuisse

122 629 223 701 istas
250 627 448 700 dramaticus
466 653 540 702 csse
562 630 762 726 tragoedias,
789 631 849 721 sed
866 630 1018 704 debuisse
1035 631 1156 726 lyricas
1171 656 1258 705 esse.

122 729 287 804 Rectius
314 730 443 825 quidem
468 731 552 804 haec
575 731 783 804 ratiocinatio
807 732 977 828 procedit:
1010 733 1069 806 sed
1084 732 1256 809 admodum
1326 733 1329 742 ’

124 831 243 904 debili
262 831 392 903 aititur
415 831 636 905 miramonte.
687 832 834 904 Primum
860 833 945 904 enim
967 858 1034 908 nou
1050 835 1256 929 lyricorum

122 933 299 1030 goedias,
325 931 382 1004 sed
409 929 583 1028 δράματα
602 929 773 1035 τραγικά,
798 934 862 1007 lroc
887 943 939 1006 est
964 934 1158 1009 dramaticus
1184 944 1256 1008 tra-

123 1034 298 1130 goedias,
320 1041 465 1130 »testatur
490 1034 626 1128 Soidas,
653 1047 689 1108 ut
713 1037 772 1108 ille
798 1037 889 1133 prius
914 1036 1037 1110 erroris
1061 1037 1256 1110 insimulan-

123 1135 194 1208 dus
225 1135 413 1231 sit,1quam
433 1137 555 1231 lyricae
572 1138 706 1235 prodire
725 1138 914 1234 tragoediae
929 1139 1071 1234 possint.
1121 1137 1254 1210 Deinde

122 1261 239 1329 vcro,
272 1244 309 1308 ut
333 1237 367 1308 in
392 1239 613 1334 appellatione
639 1241 797 1312 erraverit
823 1237 965 1330 Soidas,
1003 1265 1078 1312 nom
1103 1248 1174 1312 tota
1187 1263 1253 1312 res

122 1363 215 1411 vera
247 1330 329 1410 cst?
377 1337 462 1411 Nam
488 1365 546 1412 cur
570 1365 680 1413 reram
706 1367 778 1414 esse
804 1333 977 1413 creditor?
1028 1341 1114 1432 Quia
1138 1339 1255 1414 Sino-

121 1441 234 1512 uides
266 1461 394 1535 quoque
420 1449 517 1537 atque
539 1441 760 1538 Empedocles
785 1441 973 1537 tragoedias
999 1435 1172 1538 scripsisse
1199 1442 1255 1514 ui..

83 1591 86 1596 -
122 1549 277 1615 cuntur.
327 1545 374 1612 At
400 1566 439 1614 eo
467 1567 531 1614 non
557 1543 700 1615 allicitur
726 1552 761 1634 ut
787 1542 957 1639 scripserit
982 1541 1165 1633 Pindarus,
1192 1543 1253 1616 sed

121 1652 167 1716 ut
198 1641 354 1715 scribere
378 1644 543 1738 potuerit,
570 1644 604 1715 si*
625 1667 702 1714 nera
726 1644 812 1734 sint,
847 1666 930 1738 quae
955 1642 995 1713 de
1021 1641 1192 1716 Simonide
1217 1651 1253 1718 ct

82 1831 84 1844 .
119 1743 349 1840 Empedocle
374 1754 560 1817 narrantur.
612 1744 705 1835 Quae
736 1769 802 1816 non
821 1767 913 1846 0vcra
944 1767 1017 1816 esse
1044 1768 1083 1816 eo
1110 1743 1253 1818 credili·
1287 1809 1289 1817 ι

122 1847 200 1918 lius
232 1855 307 1938 est,
334 1844 419 1941 quod
445 1847 554 1918 nullus
581 1845 666 1918 alius
692 1848 835 1942 scriptor
858 1869 993 1941 usquam
1020 1845 1157 1918 istarum
1182 1854 1254 1918 tra-

124 1946 335 2044 goediarum
360 1949 555 2020 mentionem
582 1947 680 2039 lecit,
717 1972 823 2044 neque
849 1949 952 2018 ullmn
977 1971 1020 2018 ex
1046 1946 1115 2016 ulla
1140 1971 1252 2020 earum

125 2073 149 2120 a
178 2072 349 2145 quoquam
374 2048 591 2146 fragmentum
617 2057 669 2120 est
693 2050 868 2146 prolatum.
919 2047 973 2120 De
990 2047 1128 2120 Pindari
1142 2057 1252 2122 autem
1393 2133 1402 2148 ,

124 2151 323 2246 tragoediis
357 2175 396 2222 eo
423 2151 527 2222 maior
560 2158 611 2222 cst
636 2150 758 2226 erroris
785 2149 950 2247 suspicio,
988 2149 1074 2246 quod
1097 2172 1251 2246 noquea

126 2250 276 2324 -Tlroma
300 2251 466 2348 Magistro
499 2252 534 2323 in
559 2252 627 2323 rita
652 2253 742 2342 eius,
776 2276 882 2346 neque
913 2252 949 2322 in
974 2253 1041 2322 rita
1067 2275 1109 2322 ex
1135 2244 1275 2324 codice5

125 2351 399 2425 Vratislaricnsi
425 2352 512 2422 edita
538 2352 711 2447 quidquam
738 2351 778 2422 de
798 2350 978 2446 tragoediis
996 2351 1154 2448 scripturn
1180 2361 1249 2424 est:

127 2463 239 2550 atquc
267 2462 366 2548 auget
389 2452 474 2524 hane
499 2452 622 2523 erroris
648 2452 867 2548 suspicionem
892 2453 975 2545 ipse⁴
989 2475 1142 2523 numerus
1166 2453 1251 2524 ista·-

125 2579 208 2628 rum
244 2553 508 2648 tragoediarum,
550 2553 606 2648 qui
639 2561 690 2624 est
721 2552 807 2622 idem
842 2575 915 2621 cum
948 2550 1089 2622 omnium
1113 2550 1251 2622 Pindari

127 2656 341 2750 scriptorum
365 2676 513 2725 numero.
563 2651 648 2724 Nam
674 2660 708 2724 et
732 2649 855 2724 Soidas
876 2649 1090 2744 Eudociaque
1115 2674 1250 2726 enume-

126 2757 303 2828 rationem
328 2754 524 2852 scriptorum
539 2753 676 2842 Pindari
702 2752 754 2826 uis
780 2752 886 2824 verbis
912 2751 1085 2847 incipiunt,
1111 2751 1252 2852 ἔγραψα

129 2857 169 2932 δ’
203 2857 250 2930 ἐν
274 2853 433 2952 βιβλίοις
457 2852 502 2944 ιζ
519 2851 661 2950 Δωρίδι
686 2853 862 2949 διαλέκτῳ
885 2858 1016 2940 ταῦτα,
1043 2861 1077 2926 et
1102 2853 1172 2928 vita,
1189 2877 1251 2926 co-

129 2959 221 3032 dicis
238 2955 525 3050 Vratislariensis,
551 2954 713 3058 ye'yparp'a
739 2955 779 3030 δὲ
802 2951 937 3052 βιβλία
947 2952 1044 3028 ῗὲιιτδι
1060 2951 1123 3028 καὶ
1139 2951 1250 3042 δίκας

5 3103 9 3113 ·
130 3085 242 3158 caque
269 3060 303 3130 in
329 3061 396 3132 rita
423 3085 533 3132 omnes
564 3060 616 3131 illi
641 3059 873 3156 septemdecim
903 3057 980 3130 libri
1007 3055 1160 3153 deinceps
1186 3081 1250 3136 nos
1386 3101 1390 3109 ·
1471 3062 1475 3078 ’

129 3151 288 3234 minutim
314 3171 555 3234 enumerantur.
606 3159 705 3258 Apud
731 3159 868 3234 Soidam
901 3184 979 3232 vero
1006 3167 1039 3230 et
1063 3157 1249 3232 Eudooiam
1355 3161 1359 3166 ’

130 3287 196 3336 uec
223 3263 435 3335 numerosis
462 3271 532 3353 est,
559 3263 713 3358 quiesse
740 3263 856 3351 debet,
889 3285 994 3357 neque
1021 3259 1102 3332 ordo
1127 3260 1249 3350 iustus,

133 3367 263 3438 omissa
285 3363 386 3434 'etiam
418 3371 512 3457 parte
546 3362 761 3458 epiniciorom
785 3361 988 3459 additisque,
1025 3369 1157 3456 praeter
1178 3359 1247 3446 ista

132 3457 317 3562 δράματα
340 3461 496 3563 τραγικὰ
522 3458 579 3550 ιζ,
606 3462 847 3557 epigrammatis
874 3462 977 3557 epicis
998 3470 1032 3531 et
1049 3461 1247 3534 admonitio·
1334 3523 1337 3530 .

132 3569 233 3640 uibus
263 3565 304 3636 ad
320 3563 471 3638 Graecos
497 3587 596 3659 prosa
623 3564 770 3636 oratione
797 3562 941 3657 seriptis.
992 3559 1082 3636 lunc
1101 3561 1156 3655 qui
1174 3586 1247 3635 me·
1368 3584 1370 3592 ·

115 3667 291 3758 minuerit,
326 3667 468 3762 quaein
494 3663 618 3737 Suidae
650 3663 735 3734 libro
762 3687 804 3734 ex
830 3663 930 3733 uariis
961 3660 1246 3756 grammaticorum

135 3768 404 3844 adnotationibus
430 3774 587 3863 congesta
612 3772 688 3836 sunt
713 3787 810 3860 quam
825 3771 946 3836 temere
963 3785 1060 3858 saepe
1079 3761 1146 3835 aiut
1162 3781 1244 3836 coui-
1308 3769 1313 3782 '
1365 3767 1367 3771 ’
1438 3743 1442 3766 ’
1496 3759 1498 3764 ’

134 3869 211 3943 fusa
238 3881 273 3944 et
298 3869 501 3960 conturbata,
527 3865 613 3938 haud
638 3865 735 3938 laoile
761 3864 939 3937 adducetur
963 3870 999 3936 ut
1024 3862 1083 3944 tali
1108 3873 1245 3940 auctore
1361 3861 1390 3964 J

136 3973 329 4068 tragoedias
353 3978 446 4068 putet
460 3968 605 4040 Pindaro
631 3967 861 4050 adscribendas
887 3989 973 4056 esse,
999 3988 1118 4060 easque
1143 3966 1242 4060 adeo,

138 4097 238 4168 quum
253 4084 358 4146 tamen
371 4068 549 4170 δράματα
569 4070 730 4161 dicautur,
757 4069 888 4164 lyricas.
938 4064 1060 4158 Immo,
1075 4064 1141 4138 nisi
1154 4065 1242 4140 sorte

139 4173 219 4264 illc,
257 4174 521 4270 quemadmodum
553 4173 653 4244 alium
679 4170 844 4270 quemdam
871 4167 1069 4258 Pindarum,
1102 4161 1241 4260 lyricum

57 4305 60 4312 ’
141 4274 283 4369 quidem,
310 4278 412 4367 norit,
437 4277 484 4346 ita
510 4275 607 4363 etiam
631 4272 963 4369 ignobilem-aliquem
979 4267 1241 4367 tragicumPin-

141 4373 257 4450 darum
279 4385 488 4450 memoratum
512 4375 655 4468 invenit,
695 4375 828 4472 eiusque
859 4370 1050 4469 tragoedias
1071 4369 1166 4452 claro
1186 4367 1241 4442 illi
1363 4379 1368 4394 ’
1511 4381 1519 4396 ·
