3070 5048
116 283 119 290 ’
248 305 349 381 ‘sao
601 309 651 371 ne
673 307 860 408 nuscum
880 302 1077 368 nummus.

287 481 373 552 lalsa
397 474 532 550 sitista
556 474 810 573 argumentatio.
861 471 947 546 Nam
979 471 1086 575 primo
1118 477 1252 570 praeter
1276 467 1412 568 Lycios

286 581 473 677 Cyclopes,
508 577 549 650 de
576 601 712 674 quorum
739 581 815 648 ortu
839 599 906 648 non
932 581 1081 666 constat,
1119 573 1219 646 etiarn
1243 573 1302 644 alii
1330 584 1413 648 sunt

289 681 477 778 Cyclopes,
518 701 656 775 qnorum
687 686 767 750 nota
799 685 852 750 est
884 677 991 774 origo.
1042 676 1153 772 Atque
1187 675 1412 772 bosqnoqne

285 777 573 883 χειρογάστορας
598 801 671 852 esse
698 778 851 852 confiteri
884 779 1018 851 deberet
1042 776 1270 869 Welckerns·,
1307 777 1415 850 etiam

289 886 320 960 si
353 907 420 958 non
452 891 632 956 testaretur
664 880 862 954 scholiastes
895 879 1068 978 Euripidis
1105 877 1147 950 ad
1173 876 1290 951 Orest.
1316 880 1413 954 953.

288 982 486 1066 Κύκλωπες
511 980 552 1058 di
571 983 605 1057 oi
620 978 938 1084 ἐγχειρογάστορες
952 977 1216 1078 περιετείχισαν
1230 978 1299 1064 τὰς
1318 983 1414 1054 Μυ-

283 1084 404 1184 ’κήνας
429 1085 494 1168 οὓς
518 1083 541 1181 ἡ
567 1081 713 1181 ἱστορία
745 1082 838 1183 φησὶ
869 1081 936 1160 τὸν
963 1081 1147 1179 κεραυνὸν
1171 1085 1225 1179 τῷ
1252 1081 1318 1156 Διῒ
1339 1107 1414 1156 κοι-

251 1207 257 1220 “
287 1183 525 1266 τασκευάσαι.
577 1186 695 1282 Itaque
720 1186 807 1258 unde
831 1184 984 1284 probabit
1008 1183 1230 1282 Nicophontis
1254 1185 1353 1278 istos,
1380 1186 1414 1258 si
1528 1273 1529 1286 ρ

290 1313 358 1374 non
384 1292 452 1363 sint
475 1287 576 1386 Lycii
602 1286 787 1386 Cyclopes,
819 1311 886 1360 non
912 1311 986 1360 esse
1012 1287 1103 1378 illos,
1127 1300 1214 1384 'quos
1242 1284 1349 1359 Caelo
1377 1296 1414 1360 et

286 1393 406 1466 Terra
429 1398 612 1489 prognatos
637 1389 723 1463 dixit
747 1382 944 1462 Hesiodus?
994 1387 1125 1460 Deinde
1151 1388 1250 1460 etiarn
1274 1396 1413 1486 praeter
1524 1419 1529 1438 ι

293 1494 459 1591 Cyclopes
485 1507 707 1588 quoscumque
733 1491 792 1563 alii
807 1501 894 1564 sunt
918 1490 1015 1562 multi
1039 1489 1143 1581 fabri,
1172 1511 1308 1587 quornm
1336 1490 1412 1588 ipse

287 1595 455 1670 'Lemnios
482 1592 621 1666 Gabiros
655 1601 689 1666 et
720 1591 883 1689 Dactylos
916 1592 1037 1664 Idaeos
1070 1591 1229 1664 nominat.
1289 1589 1412 1688 ltaque

295 1697 375 1797 quid
408 1705 460 1770 est
492 1720 552 1768 cur
583 1721 650 1769 non
681 1695 798 1769 borum
831 1695 960 1790 aliquos
985 1691 1161 1790 Nicopbon
1186 1691 1413 1767 introduxerit
1481 1697 1485 1702 ’

292 1801 425 1900 potius,
462 1821 557 1894 quarn
592 1821 675 1894 qnos
707 1799 799 1870 nullo
833 1805 969 1869 auctore
993 1795 1104 1868 fabros
1137 1793 1240 1868 fuisse
1267 1803 1411 1889 constat,
1521 1825 1523 1830 ·

293 1893 458 1974 Pelices?
508 1897 715 1996 Inteqsosuit
740 1920 818 1970 vero
845 1898 945 1970 etiarn
969 1921 1039 1969 rem
1064 1895 1202 1988 falsam,
1229 1921 1328 1994 quum
1354 1921 1438 1970 or·-

294 2012 365 2076 tum
390 2001 520 2075 censuit
544 2000 710 2070 fabrorum
735 2000 951 2101 ferrariornrn
973 2000 1103 2095 pictura
1127 1999 1194 2070 ista
1216 2021 1411 2096 repraesen-

290 2103 374 2176 tari.
424 2100 545 2172 Finxit
570 2101 656 2171 enirn
681 2101 856 2196 loripes,
883 2101 1022 2172 alterurn
1047 2099 1201 2172 inrenurn
1224 2101 1292 2173 irna
1316 2100 1412 2198 pedis

295 2211 392 2304 parte
425 2201 570 2273 nondnnr
602 2207 733 2294 natum,
778 2201 836 2274 sed
868 2210 1056 2274 nascentem
1091 2201 1274 2298 significari
1305 2211 1412 2276 retus.

297 2303 397 2398 Quod
428 2303 458 2376 si
490 2302 575 2374 nulli
606 2303 641 2374 in
674 2326 714 2374 ea
745 2303 876 2400 pictura
907 2311 1080 2376 nascentes
1108 2301 1195 2374 fubri
1220 2311 1411 2398 cernuntur,
1448 2321 1452 2338 ⁶

297 2430 364 2480 non
389 2414 530 2503 possunt
553 2404 605 2476 illi
630 2404 729 2479 iidem
754 2429 850 2497 esse,
888 2429 970 2502 quos
995 2413 1169 2478 nascentes
1195 2406 1283 2504 apud
1307 2405 1418 2480 Nico·

297 2509 455 2607 phontenr
480 2507 623 2578 describi
648 2516 755 2604 putat.
806 2505 922 2604 Neque
948 2531 1040 2599 vero,
1067 2507 1165 2578 etiarn
1192 2509 1221 2579 si
1236 2531 1414 2582 nasceren-

298 2620 354 2684 tur
378 2611 413 2682 in
438 2608 569 2706 pictura
594 2608 659 2681 dno
681 2608 938 2701 fabriferrarii,
966 2609 1121 2682 continuo
1147 2609 1200 2680 illi
1225 2607 1336 2683 Palici
1360 2611 1414 2684 lo·
1450 2683 1455 2690 ,

299 2719 387 2784 rent.
437 2707 514 2783 Non
539 2711 689 2807 sequitur
718 2711 806 2784 eninr
830 2711 1019 2784 necessario
1052 2711 1166 2782 fabros
1198 2735 1293 2804 esse,
1328 2711 1414 2812 qnod

293 2810 488 2901 'Vulcanum
513 2813 568 2883 vel
592 2799 687 2884 abrrn
711 2814 765 2883 uel
798 2821 926 2909 patrem
950 2812 1105 2884 habeant.
1155 2810 1228 2885 Sed
1251 2813 1320 2887 ruit
1345 2823 1414 2887 tota

301 2913 603 2988 ratiocinatio'iam
627 2938 648 2984 a
671 2913 849 3012 principio.
910 2912 987 2986 Non
1019 2921 1132 3011 potest
1164 2915 1251 2987 enim
1275 2915 1414 2989 concedi

256 3010 588 3118 Ι2χειρογάστορας
611 3014 729 3087 fabros
745 3037 820 3086 esse
836 3015 1006 3090 ferrarios.
1043 3013 1128 3088 ‘Ista
1144 3016 1276 3088 uomina
1292 3017 1411 3110 omnia,

298 3112 595 3218 χειρογάστορες,
629 3111 945 3217 ἐγχειρογάστορες
951 3169 964 3204 ,
989 3111 1263 3217 γαστρόχειρες,
1291 3113 1414 3216 χειρό-

193 3221 196 3234 '
302 3219 393 3318 βιοι,
420 3213 681 3314 ἄποχειρόβιοι,
708 3217 841 3316 quossis
857 3219 1046 3316 significant
1063 3221 1248 3317 operarios,
1275 3219 1331 3316 qni
1344 3244 1415 3293 ma·

292 3322 400 3396 'nuum
426 3345 528 3419 opera
551 3320 615 3392 sibi
640 3321 762 3394 victum
788 3330 961 3418 quaerunt.
1011 3319 1105 3394 Satis
1125 3329 1183 3394 est
1208 3345 1293 3394 nnus
1319 3323 1414 3396 testis

300 3422 509 3519 Hesychius:
553 3417 820 3519 άποχειρόβιοι·
861 3423 897 3496 οἱ
921 3421 1050 3506 ἁλιεῖς·
1089 3419 1414 3521 reintroductores
1530 3411 1531 3472 Ῐ

303 3521 367 3600 καὶ
392 3518 727 3626 ἐγχειρογάστορες,
762 3523 797 3597 οἱ
827 3528 1001 3619 τεχνῖται.
1058 3521 1171 3597 Ισοιοε
1205 3522 1415 3630 ἐγχειρογά-

304 3649 442 3721 στορες,
469 3625 504 3699 οἱ
529 3623 602 3700 ἀπὸ
626 3633 705 3700 τῶν
726 3629 863 3722 χειρῶν
887 3622 1167 3754 γαστριζόμενοι
1188 3625 1254 3699 ’καὶ
1277 3634 1324 3725 τῇ
1349 3653 1416 3728 γα-

233 3716 242 3733 “
305 3727 389 3826 στρὶ
413 3725 641 3826 πορίζοντες·
668 3725 837 3828 λέγονται
853 3725 894 3802 da
913 3725 977 3802 καὶ
995 3721 1260 3829 γαστράχειρες.
1312 3727 1417 3804 Nico·

305 3829 439 3927 phontis
465 3840 572 3900 autem
597 3831 649 3901 illi
674 3829 805 3902 minime
832 3831 986 3922 omnium,
1013 3839 1167 3925 quantum
1185 3855 1229 3902 eu
1248 3831 1417 3928 fragmen-

306 3932 350 4004 tis
376 3930 505 4001 sabulae
537 3931 681 4029 intelligi
705 3938 836 4029 potest,
870 3932 957 4002 labri
988 3932 1140 4005 ridentur
1171 3933 1321 4025 ferrarii,
1359 3935 1417 4008 sed

258 4047 261 4064 ’
307 4031 407 4126 coqui
439 4031 561 4128 aliique
593 4033 628 4104 id
653 4057 757 4130 genus
782 4031 930 4106 homines
955 4032 1078 4106 luisse:
1112 4059 1248 4132 quorum
1274 4035 1417 4132 aliquant

234 4141 244 4152 ¹
289 4135 429 4206 ¹rnultos
462 4132 521 4204 ille
553 4133 605 4206 bis
638 4135 785 4208 uersibus
817 4133 905 4230 opud
927 4133 1135 4208 Athenaeum
1159 4133 1232 4208 111.
1265 4162 1303 4234 p.
1331 4139 1413 4214 126.

308 4235 355 4310 Et
376 4234 600 4309 enumeravit:
696 4253 698 4257 ·
737 4310 740 4320 ,
1142 4268 1143 4280 ¹
