3076 5046
309 403 374 474 aar
411 447 413 455 ι
489 405 539 468 nu
559 403 778 502 ruscorum
799 401 1068 470 concurrum
1088 399 1237 494 emron

309 573 499 666 ttlicinem,
524 594 732 670 praeconem,
757 578 911 670 poetam,
927 568 1140 667 rhapsodum,
1161 566 1342 658 tibicinem,
1357 589 1426 638 au·

308 675 454 766 lcedum,
479 675 695 766 citharistam,
722 673 958 764 citharoedum,
985 669 1190 768 tragoedum,
1212 668 1423 760 comoedum,

158 813 162 818 ·
311 777 353 850 oh
379 777 522 874 epinicia
546 775 750 849 comoedum.
802 775 996 868 Quaerimus
1022 773 1077 844 uhi
1095 772 1140 844 sit
1158 771 1262 866 lyrica
1280 771 1332 842 rel
1349 775 1445 842 tre-⁴
1524 867 1525 870 Ἴ

311 879 431 974 goedia
456 878 510 949 rel
534 877 716 956 comoedia.
766 875 961 973 Respondet
977 871 1168 948 Boeclrhius
1185 873 1220 944 in
1233 870 1322 945 Oec.
1336 872 1423 945 Ath.

264 1069 268 1077 Ι
309 978 363 1052 ΙΙ.
388 1005 424 1076 p.
451 982 538 1055 362.
565 977 767 1051 Orchomeni
795 980 829 1051 in
856 977 1051 1050 Charitesiis
1078 975 1133 1046 diu
1158 973 1336 1071 tragoedos
1362 999 1425 1046 so·

310 1081 379 1154 lurn
403 1090 438 1154 et
463 1080 639 1154 comoedos
665 1089 830 1169 certasse3
856 1077 1094 1152 recentioribus
1111 1075 1240 1148 demum
1259 1077 1424 1172 tempori·

310 1183 384 1273 hus,
410 1191 583 1280 postquam
608 1181 740 1253 fabulae
763 1181 913 1254 scenicae
938 1181 979 1251 ah
1000 1178 1142 1252 Athenis
1167 1201 1229 1275 per
1241 1176 1424 1251 Graeciam

311 1285 448 1356 diffusae
474 1290 598 1375 essent,
625 1283 723 1354 etiam
748 1281 933 1380 tragoediis
956 1291 990 1355 et
1015 1279 1194 1354 comoediis
1214 1303 1288 1352 esse
1310 1285 1426 1352 certa-

309 1395 400 1477 tom,
434 1394 600 1458 ettamen
633 1393 702 1456 tum
727 1405 856 1481 quoque
882 1385 989 1456 aolurn
1015 1390 1198 1477 satyrorum
1223 1381 1423 1478 scriptorem

311 1486 508 1560 Thebanum
540 1485 662 1578 fuisse,
699 1484 940 1584 tragoediarum
974 1493 1083 1557 autern
1118 1490 1153 1554 et
1179 1482 1423 1555 comoediarum

310 1591 490 1686 scriptores
505 1588 740 1680 Athenienses.
791 1587 886 1660 llaec
911 1611 975 1682 ego
1001 1585 1130 1682 quidem
1156 1583 1227 1656 nec'
1243 1605 1321 1656 vera
1346 1605 1423 1655 esse

311 1692 420 1765 omnia
444 1698 538 1787 puto,
564 1698 611 1782 et,
637 1690 668 1761 si
695 1712 770 1762 vera
795 1690 874 1781 siut,
901 1689 984 1762 nihil
1010 1686 1160 1760 conseruo
1186 1685 1227 1758 ad
1249 1685 1423 1758 uindicau-
1527 1707 1528 1728 ³

310 1793 384 1866 dam
409 1793 532 1887 lyricae
557 1791 748 1887 tragoediae
775 1790 1004 1864 comoediaeve
1020 1789 1193 1862 rationem.
1244 1785 1330 1860 Nam
1344 1809 1422 1859 sere

173 1977 180 1994 Ι
310 1895 438 1966 demum
457 1893 612 1966 scenicas
644 1893 771 1966 fabulas
797 1892 883 1990 apud
908 1890 1056 1964 Boeotos
1082 1898 1292 1980 notescere,
1328 1889 1422 1986 prius

310 2003 419 2067 autern
445 1994 501 2064 diu
526 1993 617 2065 solos
651 1993 829 2089 tragoedos
862 2002 959 2089 atque
986 1991 1162 2065 comoedos
1188 1991 1352 2089 prodiisse
1378 2015 1422 2062 ex

311 2095 393 2168 solis
426 2094 479 2166 his
513 2093 636 2165 duabus
669 2095 937 2190 inscriptionibus
970 2094 1127 2190 collegit,
1170 2117 1306 2191 quarum
1337 2115 1421 2189 quae

310 2195 476 2292 antiquior
508 2203 560 2267 est
575 2201 577 2216 '
591 2221 656 2267 non
688 2196 808 2268 haheat
837 2194 965 2266 fabulas
980 2215 982 2220 ·
998 2194 1159 2268 scenicas.
1208 2187 1329 2267 Fuerit
1353 2195 1431 2266 iter

305 2323 355 2370 ex
381 2321 421 2369 eo
446 2322 512 2369 nou
538 2298 698 2393 sequitur,
725 2321 808 2394 quae
826 2295 1206 2393 tragoedi‘comoedique
1228 2297 1420 2388 cecinerint,

233 2399 237 2406 ’
310 2399 431 2496 lyricas
457 2399 646 2496 tragoedias
673 2399 924 2500 comoediaeque
957 2398 1074 2472 luisse.
1133 2399 1218 2471 Num
1245 2406 1282 2472 ut
1305 2397 1339 2469 id
1366 2421 1421 2469 se·

311 2502 369 2599 qui
393 2510 526 2598 posset,
561 2500 668 2598 primo
701 2499 986 2574 demonstrandum
1019 2509 1091 2573 erat
1115 2499 1218 2572 fuisse
1245 2499 1419 2598 aliquando

310 2908 417 2981 roam
467 2907 833 2980 ultramontanum
860 2917 936 2980 est..
974 2908 1129 3003 Denique
1156 2909 1242 3004 quod
1259 2907 1417 2979 trihusin

310 3008 580 3104 inscriptionibus
620 3009 863 3106 tragoediarum
902 3009 1207 3105 comoediarumque
1239 3010 1419 3106 scriptores

131 3102 156 3166 .'
310 3110 530 3182 Athenienses
555 3117 787 3202 memorentur,
815 3110 981 3207 idneque
1006 3120 1200 3207 argumento
1224 3119 1275 3184 est
1292 3133 1420 3207 semper

310 3210 493 3282 fabularum
518 3211 722 3283 scenicorum
746 3212 927 3308 scriptores
953 3211 1056 3284 luisse
1081 3212 1323 3304 Athenienses,
1360 3233 1419 3284 nec

311 3319 473 3386 monstrat
497 3313 674 3410 tragoedos
700 3313 940 3410 comoedosque
954 3314 1138 3388 Dorienses
1156 3315 1317 3412 singulari
1339 3320 1419 3411 quo-

297 3415 386 3486 dam
412 3437 533 3511 genere
558 3415 749 3512 tragoediae
776 3417 1028 3514 comoediaeque
1055 3425 1213 3490 certasse.
1263 3415 1341 3489 Nou
1358 3415 1419 3487 mi·

311 3539 384 3590 rum
410 3524 462 3589 est
477 3523 614 3610 'autem,
648 3519 685 3590 εἰ
710 3518 833 3592 scenici
866 3528 985 3616 poetae
1010 3518 1231 3592 Athenienses
1264 3541 1304 3590 ea
1336 3526 1417 3608 arte,

311 3641 395 3714 quse
429 3618 472 3690 iis
505 3618 686 3694 domestica
720 3629 827 3712 esset,
863 3621 1031 3694 vicerunt:
1070 3619 1249 3717 tragoedus
1282 3643 1362 3692 nero
1386 3624 1419 3690 et

312 3718 489 3793 comoedus
514 3720 691 3794 Doriensis
724 3723 753 3795 si
787 3723 922 3819 lyricum
956 3745 1086 3795 carmen
1111 3729 1309 3813 testaretur,
1343 3717 1418 3817 quid

311 3821 518 3895 statuendum
535 3832 624 3895 esset
644 3824 679 3894 in
695 3823 910 3921 inscriptione
932 3827 1042 3899 1584.
1065 3822 1105 3894 de
1122 3821 1299 3896 Cahirieho
1324 3822 1418 3894 The·

310 3923 415 4014 hano,
441 3923 601 3996 histrione
627 3917 782 4022 tragico?
831 3923 925 3997 Nihil
951 3927 1037 3997 euim
1063 3924 1218 3998 differunt
1243 3923 1417 4021 tragoedus

310 4032 345 4111 ct
369 4024 515 4120 tragicus
541 4026 672 4099 histrio.
1416 4059 1420 4084 r

314 4173 318 4182 -
411 4121 481 4196 Sed
514 4127 666 4220 quoniam
699 4126 760 4198 hae
785 4119 874 4196 ¹duae
898 4125 1132 4226 inscriptiones
1158 4148 1250 4224 spern
1275 4133 1416 4200 nostram

311 4224 541 4316 destituerunt,
568 4227 734 4300 rideamus
759 4228 903 4317 tertiam,
928 4253 964 4300 u.
993 4232 1103 4306 1585.
1130 4251 1213 4325 quae
1227 4228 1418 4327 Thespien-

292 4327 358 4400 'sis
384 4331 447 4416 est,
474 4325 617 4400 victores
641 4329 677 4400 iu
701 4328 788 4402 ludis
812 4328 986 4403 Musarum
1012 4355 1032 4402 a
1056 4329 1114 4402 Fl.
1139 4330 1296 4403 Paulliun
1322 4330 1417 4402 insti·

310 4429 391 4502 tutis
424 4450 630 4504 enumerans.
689 4428 722 4504 Ii
754 4441 830 4507 suut
853 4430 1009 4536 Ιποιητὴς
1040 4429 1257 4532 npeoodo'ov,
1291 4427 1416 4531 κῆρυξ,

115 2633 123 2656 ·
255 2674 256 2680 ,
310 2602 538 2676 huiuscemodi
575 2602 764 2700 tragoedias
805 2612 902 2700 etque
942 2603 1148 2692 comoedias3
1191 2598 1309 2674 deinde
1341 2625 1419 2673 uero
1529 2637 1530 2674 r

146 2711 156 2720 ‘
310 2706 409 2778 etiarn
435 2704 564 2778 ostendi
588 2706 765 2802 oportebat
789 2703 939 2802 tragoedi
957 2703 1170 2801 comoedique
1187 2703 1420 2801 appellationi·
1529 2705 1530 2776 l

191 2831 193 2838 ’
310 2807 371 2880 hus
385 2807 511 2878 'talium
537 2814 689 2879 cantores
714 2807 958 2903 tragoediarum
984 2805 1289 2902 comoediarumque
1315 2806 1419 2902 signi·
