3070 5048
557 375 792 442 rrrsruren
942 459 947 466 ¹
1165 377 1229 448 ιιι
1279 417 1282 422 -
1337 362 1341 372 ’

116 525 177 641 qni
200 565 222 616 a
246 541 448 618 eoeemenele
480 550 515 618 e't
545 545 979 644 ιιιιιιιι151155555555
1002 543 1115 622 Grinnr
1139 547 1228 707 1111-

39 745 45 762 l
118 646 332 739 5555551115
357 645 532 720 ostendunt
558 671 590 720 ι
616 649 703 724 375.
777 691 781 700 ·

216 793 322 894 Κρίῳ
347 793 385 871 δ’
411 795 583 896 Εὐρυβίη
607 797 750 874 rixavi
751 823 774 873 ν
799 792 966 926 φιλότητι
990 802 1137 927 myrina

210 893 418 996 'Aurpuiriv
441 927 480 974 ιε
481 900 623 1030 μέγαν
637 895 841 975 Πάλλαντά
865 927 917 989 τε,
943 897 1008 976 alio
1034 896 1176 990 θεάων,

216 999 454 1100 Πέρσην,
393 1001 491 1074 3³²
480 999 521 1085 ὃς
543 1001 607 1077 καὶ
628 1009 720 1076 πᾶσι
732 1001 952 1101 μετέπρεπεν
968 989 1225 1099 ἰδμοσύνησιν.

98 1147 251 1226 'Prolem
276 1148 350 1225 crit
368 1151 462 1228 11515
493 1164 592 1253 poeto
625 1162 660 1228 et
691 1155 858 1230 otollutum
890 1155 1017 1229 eaelum
1049 1161 1084 1228 et
1108 1155 1224 1230 atellae
1331 1143 1334 1158 '

114 1251 271 1328 55155555
302 1262 342 1326 et
369 1256 526 1330 transitus
552 1256 730 1330 errantium
755 1257 925 1330 stellarum
921 1281 1018 1384 per
1043 1256 1139 1354 oiguu
1163 1282 1226 1329 ne·

113 1352 323 1427 1155155
355 1379 420 1454 quo
452 1359 663 1456 consequitur
688 1355 815 1432 Coeum
846 1354 1003 1450 ariete,
1038 1358 1225 1434 nucleari«

113 1457 222 1543 σθαι,
247 1479 321 1528 eree
347 1459 559 1555 appellatum.
609 1458 652 1532 11
675 1461 810 1532 uerbum
834 1460 969 1556 proprie
994 1459 1225 1556 conglobatio·

111 1581 186 1628 nem
211 1565 327 1640 notare
353 1559 494 1648 videtur,
519 1560 605 1632 uode
629 1557 715 1634 κοία
735 1560 877 1658 eplaeru
890 1569 955 1634 eet.
993 1559 1225 1634 Antimachum

111 1665 290 1834 5155555555
312 1659 468 1733 51515555
498 1659 612 1758 Etym.
637 1661 691 1734 Μ.
722 1687 759 1760 ιι.
785 1664 880 1755 7711,
915 1663 978 1736 10.
1009 1669 1045 1734 et
1069 1659 1162 1742 Gal
1150 1686 1224 1760 ..ιι

109 1761 135 1836 5
187 1761 277 1852 ,50

236 1905 341 1995 uetur
364 1913 405 1987 ἐκ
425 1917 564 2014 χειρῶν
589 1908 766 1990 σκόπελον
781 1909 884 2012 μέτα
907 1907 1158 2010 ῥιπτᾶζουσιν.

170 2061 260 2136 Ut
282 2064 319 2138 51
342 2066 431 2139 inter
462 2087 516 2140 oe¹
526 2065 671 2164 oppositi
696 2075 792 2160 eunt,
827 2065 877 2152 oie
902 2065 1002 2140 etiam
1025 2064 1162 2140 Ploeloo
1187 2059 1271 2138 5515

107 2161 259 2261 Tethye·
292 2191 428 2263 quarum
452 2167 545 2241 illam
569 2169 730 2242 55515555
755 2191 843 2262 esse,
870 2193 953 2266 quae
973 2175 1133 2266 suggerat
1153 2167 1223 2240 uti·

106 2265 156 2338 lia
180 2275 215 2338 et
239 2268 410 2360 salutaria,
435 2269 560 2342 nemini
584 2269 717 2344 155155
739 2277 816 2364 eet,
845 2267 1004 2344 Phoeben
1030 2280 1157 2361 autem,
1184 2276 1223 2342 ut

106 2390 152 2440 ex
178 2365 294 2464 φίνω,
321 2363 437 2466 φόνος
461 2377 497 2442 55
521 2367 665 2466 φοίνιος
690 2359 754 2462 est,
780 2371 831 2442 515
855 2377 948 2467 patet
968 2395 1013 2442 en
1032 2369 1162 2466 φέβειν
1186 2377 1222 2442 55
1273 2443 1284 2461 ,
1352 2389 1355 2394 ’

106 2461 230 2566 φόβος
254 2468 374 2542 dietam
399 2493 486 2561 ease,
513 2470 600 2567 quod
624 2470 755 2544 inutilia
779 2477 814 2542 et
837 2470 941 2543 nenia
941 2471 1158 2596 expelleret,
1183 2478 1222 2544 ut

106 2578 199 2644 eaeet
222 2569 410 2668 purgatrix.
459 2569 614 2644 Latonae
638 2570 760 2668 igitur,
787 2593 883 2670 quam
908 2564 1221 2668 151115νί55555-

105 2671 279 2763 tabantur,
316 2695 415 2768 quum
448 2668 543 2744 dare
555 2673 715 2770 parentes
747 2661 924 2764 deberent,
965 2669 1059 2744 Coeo
1088 2695 1160 2744 eam
1185 2678 1221 2746 et

104 2770 256 2844 Phoebe
252 2781 377 2846 nutam
403 2771 537 2866 (linere,
570 2772 711 2846 lentaeue
737 2771 825 2892 qued
850 2722 1022 2865 animalia,
1059 2795 1157 2869 quum
1181 2797 1220 2846 ee

106 2870 211 2970 quieti
237 2897 415 2994 somnoque
441 2873 538 2967 1555,
571 2873 641 2947 fere
667 2875 761 2972 quasi
787 2874 984 2971 eonglobota
1009 2875 1140 2967 cubent,
1167 2882 1221 2947 ut-

106 2998 171 3072 que
202 2974 297 3048 ita
285 2976 329 3048 ris
363 2976 484 3050 obliuio
518 2977 667 3097 obrepat.
727 2975 796 3050 Illa
828 2984 937 3050 autem
976 2999 1127 3049 eurarum
1158 2999 1220 3073 por

105 3101 255 3150 somnum
281 3078 403 3152 oblivio
430 3079 583 3176 queniam
599 3079 708 3152 noetio
723 3077 859 3177 proprio
879 3085 943 3171 oet,
969 3075 1135 3152 Latonam
1152 3101 1219 3151 nen
1379 3132 1384 3137 -

104 3177 214 3252 nolum
240 3179 457 3274 55555555,
493 3180 552 3254 eod
584 3181 683 3254 etiam
714 3190 844 3256 noctem
877 3205 950 3254 eese
975 3179 1218 3272 existimarunt,

103 3287 150 3350 ut
176 3303 259 3376 quae
292 3291 397 3354 mater
429 3290 519 3355 meet
546 3281 718 3381 Apollinis
752 3290 788 3354 et
819 3280 949 3355 Dinone
984 3290 1019 3353 et
1049 3280 1217 3374 Asteriae,

105 3378 196 3477 qued
215 3404 265 3452 ex
290 3382 433 3453 tenebris
459 3390 493 3454 et
518 3382 570 3454 eol
596 3391 630 3454 et
653 3381 732 3453 luno
757 3385 791 3454 'et
816 3381 960 3455 sidero
949 3407 985 3453 m
1006 3391 1217 3480 eenopeotum

103 3479 290 3580 prodirent.
341 3479 412 3556 secl
444 3482 592 3554 raoillut
610 3489 719 3556 tamen
749 3483 814 3556 ieta
839 3482 1089 3582 interpretatio,
1129 3483 1217 3580 qued
1330 3475 1336 3484 ’

103 3581 259 3656 iiorlern
247 3607 282 3656 rn
307 3581 427 3655 fabulis
454 3592 488 3656 et
511 3581 590 3657 Nox
616 3583 746 3656 diversa
777 3591 829 3655 est
855 3584 894 3655 ab
919 3582 1074 3675 Latona,
1108 3607 1216 3681 neque

103 3685 230 3782 Apollo
257 3692 291 3757 et
305 3683 417 3757 Diana
440 3709 501 3782 pre
528 3686 599 3758 sole
625 3693 660 3757 et
684 3685 762 3756 luna
783 3684 955 3758 habentur.
1007 3682 1216 3783 Omninoque

93 3796 235 3859 'veteres
261 3783 398 3877 Graeei,
425 3785 692 3885 quemadmodum
716 3785 907 3882 Apollinem
933 3794 967 3858 et
982 3785 1124 3859 Dianam
1149 3812 1216 3861 nen

104 3894 142 3958 ut
175 3889 279 3961 selem
312 3896 347 3960 et
377 3888 487 3961 lunam
520 3888 712 3981 noluerunt,
730 3885 796 3958 ‘ita
827 3912 869 3960 ne
893 3885 1060 3962 Latonam
1085 3889 1215 3986 quidem
1278 3902 1283 3912 '
1316 3962 1318 3964 ,

104 3986 257 4062 uidentur
280 3998 411 4063 noctem
436 4014 510 4063 esse
535 3989 728 4062 credidisse.
1366 4014 1370 4022 ’

204 4089 357 4208 1155555,
384 4093 514 4190 οιιίιοι,
539 4089 766 4184 iudicabimus,
784 4087 963 4184 Latonam,
987 4091 1080 4165 enine
1095 4115 1213 4165 nemen

104 4191 240 4288 proprie
264 4191 423 4266 latebram
449 4192 627 4292 signifieat,
652 4201 830 4292 propterea
847 4200 984 4266 matrem
1000 4193 1119 4267 dietam
1138 4216 1211 4265 eree
1297 4246 1305 4256 .

103 4291 274 4402 Apollinis
300 4303 334 4366 et
357 4293 508 4388 Dianae,
541 4294 628 4392 quod
653 4293 761 4370 51111
784 4293 952 4392 peregrini
977 4295 1061 4386 sint,
1086 4292 1212 4391 ignoti·

105 4414 170 4490 que
186 4389 364 4490 latuerint,
389 4421 509 4495 neque
504 4396 594 4472 lum
618 4394 852 4536 inferrentur
839 4421 876 4470 m
901 4394 1090 4479 Graeciano.
1138 4391 1212 4467 Mi·
