3084 5050
308 433 372 500 132
590 427 885 490 uuuuulmolvrs
906 425 1143 491 rmbnntcla.

308 600 426 689 sorti,
461 596 745 698 inornatumque
777 597 816 670 ον’
845 620 947 697 qnae
979 621 1054 698 qno
1083 621 1135 670 αο
1159 605 1330 693 temporo
1353 590 1424 666 aab

309 698 438 778 stabit.
491 697 605 788 Quod
626 699 663 772 ιε’
685 721 777 796 oneo
801 697 972 798 magnas
996 622 1193 788 roboreo,
1210 700 1424 795 ‘ingentem

310 799 406 878 mihi
429 825 622 899 pararem
646 797 816 898 famam.
875 799 1019 873 Nestor
1049 812 1090 874 ot
1111 795 1319 896 Sarpedon
1347 820 1424 894 ρον

310 915 419 980 untes
443 904 714 976 inclaruerat.
731 925 825 974 νιανπ
853 903 981 974 uirtus
1012 897 1250 975 carminibus
1275 896 1335 996 fit
1355 900 1423 971 im·

296 1005 509 1080 'mortalias
546 999 619 1076 ond
641 1004 786 1099 pancos
820 1001 867 1074 od
894 1005 988 1077 lacot
1010 1005 1204 1104 consequi.
1258 997 1425 1092 Quemad-

310 1107 442 1181 modum
473 1105 526 1176 bis
551 1104 727 1201 postremis
759 1112 871 1177 monet
894 1103 1081 1177 Hieronem
1100 1100 1285 1194 Pindarus,
1324 1110 1362 1173 ut
1387 1125 1424 1172 se

312 1208 503 1283 consoletur
529 1206 667 1302 opibus,
703 1227 765 1302 per
796 1230 877 1302 quas
911 1230 1043 1301 operam
1078 1207 1157 1278 dare
1182 1205 1291 1303 possit
1315 1201 1425 1300 adipi-¹

311 1308 443 1384 scandis
469 1307 650 1399 victoriis‚.
665 1317 894 1404 aeternamque
920 1308 984 1379 sibi
1004 1308 1127 1392 ,lamam
1152 1315 1322 1405 poetarum
1348 1328 1425 1377 aar·

311 1409 452 1484 minibus
476 1433 608 1507 parare,
636 1409 685 1481 sio
710 1409 745 1480 in
770 1415 841 1481 toto
869 1411 1012 1481 camnine
1038 1410 1120 1482 nihil
1146 1417 1217 1500 est,
1245 1407 1332 1506 quod
1358 1430 1424 1479 non

311 1513 355 1584 ad
380 1511 640 1586 consolationem
664 1509 845 1586 reseratur:
877 1511 1001 1607 illeque
1026 1512 1099 1608 ipse
1123 1512 1158 1582 in
1174 1508 1352 1584 Coronidis
1371 1507 1424 1580 fa-

310 1613 389 1686 bula
413 1615 520 1705 locus,
548 1613 641 1685 ouius
667 1636 767 1709 supra
792 1611 880 1688 lanta
906 1621 957 1684 est
982 1615 1118 1705 mentio,
1144 1638 1210 1685 non
1235 1611 1332 1684 modo
1357 1608 1423 1681 non

202 1709 204 1718 ’
312 1716 492 1812 adragiae
519 1715 607 1788 sedis
634 1715 919 1787 commutationem
943 1715 1121 1788 babendus
1148 1713 1330 1804 videbitur,
1350 1711 1424 1786 ‚sed

309 1815 465 1890 liberabit
499 1817 597 1888 etiam
622 1815 802 1888 Pindarum
829 1817 945 1913 eulpa,
983 1841 1066 1913 quae
1099 1817 1196 1888 aliter
1226 1815 1283 1886 vix
1316 1815 1423 1886 abeo

311 1919 417 1990 averti
440 1924 568 2016 posset,
595 1915 681 2013 quod
707 1917 779 1988 sine
805 1940 923 1990 caussa
948 1940 969 1987 a
994 1916 1160 1990 Coronide
1186 1939 1297 1988 ausam
1323 1939 1425 2012 nepe·
1530 1945 1531 2024 l

58 2067 61 2072 -
191 2074 197 2080 .
245 2101 251 2114 Ι
309 2019 357 2090 rit
381 2018 423 2090 ad
447 2041 582 2114 gravem
607 2018 882 2113 vituperationem
908 2016 1126 2114 digrediendi,
1154 2044 1252 2116 quum
1269 2017 1422 2114 scripsit:
1530 2029 1531 2050 l

1096 2165 1190 2242 ἀλλά
1214 2196 1273 2260 τοι

412 2267 527 2366 ἤρατο
553 2273 632 2341 τῶν
657 2262 860 2356 ἀπεόντων,
887 2263 948 2342 οἶα
972 2267 1036 2343 καὶ
1059 2269 1186 2344 πολλοὶ
1210 2267 1361 2346 πάθον·’

412 2367 555 2452 ἔστιδὲ
583 2375 704 2466 φῦλον
729 2371 770 2444 ἐν
796 2367 1031 2470 ἀνθρώποισι
1056 2367 1321 2467 ματαιότατον,

412 2469 506 2554 dovor
533 2466 723 2564 αἰσχύνων
748 2467 924 2567 ἐπιχώρια
949 2471 1144 2549 παπταίνει
1168 2471 1215 2548 τά
1241 2470 1382 2575 πόρσω,

410 2567 628 2668 μεταμώνια
652 2569 829 2672 θηρεύων
853 2569 1049 2672 ἀκράντοις
1074 2575 1224 2652 ἐλπίσιν.

171 2793 174 2804 ,
309 2725 410 2798 Patet
435 2721 522 2802 erl'nn
547 2725 697 2822 asperius
722 2725 805 2798 laen
831 2727 920 2800 diota
946 2753 1040 2821 esse,
1078 2753 1174 2827 quam
1208 2725 1244 2801 ut
1269 2727 1311 2800 ad
1335 2725 1424 2801 Hie·

309 2851 424 2900 ronem
448 2827 568 2898 referri
593 2827 740 2923 possint:
775 2828 835 2899 sed
860 2830 949 2902 diota
973 2839 1051 2903 sunt
1071 2832 1252 2928 aptissime,
1280 2831 1310 2902 si
1327 2830 1424 2927 eogi-

309 2936 436 3020 tamus,
478 2928 564 3024 quod
589 2929 730 3000 maxime
764 2929 973 3002 verisimile
1002 2939 1072 3022 est,
1108 2932 1231 3002 amieos
1263 2931 1424 3027 quosdam

178 3083 183 3100 .
284 3029 489 3120 bllieronis,
524 3030 675 3124 quoniam
708 3030 765 3124 qui
790 3028 966 3124 Syracusis
999 3039 1093 3102 erant
1124 3032 1242 3104 medici
1273 3033 1424 3105 morbum

218 3155 224 3168 ·
310 3131 431 3204 ealnuli
456 3153 573 3206 sanare
598 3155 664 3204 non
689 3127 838 3227 possent,
865 3132 1008 3203 suasisse
1034 3139 1071 3203 ut
1096 3155 1116 3202 a
1141 3132 1327 3228 peregrinis
1349 3159 1424 3207 me-

310 3231 393 3305 dicis
420 3232 577 3304 auxilium
595 3240 775 3329 pateretur,
801 3231 900 3328 idque
922 3233 1095 3305 eonsilium
1119 3235 1322 3330 vituperasse
1335 3234 1424 3308 Pin-

310 3333 437 3426 darum,
456 3332 691 3408 'delendentem
715 3334 794 3406 illos
820 3359 903 3430 quos
929 3333 1127 3410 domesticos
1153 3336 1289 3409 baberet
1312 3335 1421 3411 Hiero
1530 3431 1531 3440 ρ

308 3436 467 3510 medians.
792 3439 797 3460 '

410 3534 452 3609 In
478 3537 552 3633 ipso
578 3535 721 3608 earmina
753 3544 886 3633 praeter
916 3536 1023 3630 illud,
1056 3539 1143 3635 quod
1167 3538 1359 3612 Boenkbius
1384 3539 1422 3614 iu

161 3731 165 3738 .
295 3639 582 3712 -oommentatioue
617 3639 733 3711 emtiea
765 3663 798 3711 v.
826 3641 888 3715 36.
922 3663 965 3710 ex
998 3642 1131 3737 optimis
1162 3642 1256 3714 libris
1289 3641 1421 3742 restitui

234 3789 239 3794 -
310 3739 427 3830 iussit,
462 3737 603 3824 πολλὰν
627 3736 682 3827 d,
718 3741 961 3838 quodomuino
988 3742 1306 3834 necessumst,
1343 3744 1420 3840 quia

310 3841 395 3912 haee
418 3843 530 3933 verba,
555 3837 694 3914 πολλὰν
719 3839 755 3914 d'
786 3841 862 3940 ὄρει
887 3849 960 3941 πῦρ
986 3844 1025 3926 ἐξ
1040 3841 1121 3926 ἑνὸς
1138 3842 1343 3940 σπέρματος
1359 3847 1420 3919 ε’ν-

267 3949 269 3958 ’
310 3937 433 4037 θορὸν
457 3941 639 4017 ἀΐστωσεν
663 3939 770 4030 ὕλαν,
803 3945 1025 4040 metaphorice
1052 3945 1139 4017 diota
1164 3953 1259 4038 sunt,
1281 3953 1419 4019 'restant

313 4043 411 4114 etiam
436 4043 502 4114 alia
526 4045 702 4134 nonnulla,
729 4043 769 4114 de
795 4044 911 4138 quibus
936 4046 1129 4119 monendum
1155 4049 1317 4119 videatur.
1365 4048 1418 4120 An

284 4181 294 4187 ‘
312 4144 418 4242 primo
443 4168 509 4216 non
534 4145 638 4240 magis
664 4169 760 4240 quam
774 4145 993 4220 Buttmannus
1009 4149 1044 4219 in
1060 4151 1271 4244 grammatica
1286 4147 1418 4222 Graeca

312 4244 366 4317 Π.
398 4270 433 4342 p.
467 4247 554 4320 207.
591 4246 755 4338 adducor,
797 4254 835 4319 ut
869 4271 902 4316 v·
929 4251 990 4322 28.
1029 4243 1163 4348 γνώμᾳ
1194 4247 1321 4324 πιθών
1355 4274 1416 4348 pro

206 4423 207 4428 ,
313 4341 448 4450 γνώμᾳ
473 4341 676 4442 πιθόμενος
709 4347 831 4422 dietum
863 4346 1006 4420 credam.
1063 4347 1162 4422 Libri
1193 4353 1343 4448 plerique
1376 4375 1417 4424 eo

314 4454 389 4524 looo
414 4446 587 4534 πεπιθὼν
611 4448 743 4543 babent,
770 4449 857 4548 quod
881 4451 1012 4548 passive
1039 4450 1158 4524 dietum
1174 4454 1302 4550 putavit
1318 4453 1416 4528 sobo·
