3076 5046
196 341 197 350 ¹
280 305 346 377 ²48
679 307 735 368 DE
766 304 994 422 orontius!

238 493 246 512 ‘
278 479 479 550 momentum
510 470 631 550 haltere
664 470 706 544 ad
739 470 1002 586 eoquomefflam
1032 468 1179 547 indolem
1210 473 1403 565 temporum·

65 610 69 618 ·
205 631 208 638 ⁴
279 585 358 650 anta
383 573 578 649 Homerum.
627 573 724 646 llaec
750 598 828 646 vern
854 573 1067 649 ratiocinatio
1089 593 1150 668 per
1171 594 1207 644 ee
1227 570 1301 667 ipse
1319 592 1396 644 eor·

281 679 371 752 ruit:
403 700 478 752 nam
503 699 565 750 nec
589 675 847 749 demonstratum
871 682 923 748 ent
948 683 1005 746 aot
1027 673 1248 749 demonstrari
1273 671 1395 769 potuit,

258 780 430 878 {lignatum
454 777 605 854 Homero
629 777 758 852 fabulae
785 777 980 858 sententiam
1005 776 1121 866 fnisse,
1149 796 1256 870 nequa
1282 783 1397 859 ostem

175 903 179 909 ·
282 905 357 952 sum
391 888 443 952 est
474 878 622 955 Atlantis
658 877 769 972 eiligic
805 879 948 974 aliquam
984 879 1082 950 animi
1117 875 1310 974 patientiam
1342 875 1397 948 vel

282 979 553 1078 tranquillitatem
579 979 842 1076 repraesentari3
866 981 964 1054 immo
992 1003 1085 1077 quac
1101 978 1133 1050 ci
1154 975 1397 1056 rei-ostenden-

283 1081 345 1158 dae
371 1083 478 1156 allata.
498 1089 586 1173 sunt,
613 1082 693 1160 tolia
719 1106 793 1154 esse
820 1082 972 1171 vidimus,
998 1091 1035 1154 nt
1061 1105 1122 1155 nac
1147 1103 1208 1178 per
1221 1079 1397 1174 imaginem

282 1185 380 1262 istam
407 1184 557 1280 cuiquam
588 1183 621 1255 in
648 1192 787 1256 mentem
814 1183 926 1256 venire
959 1181 1108 1280 possint,
1145 1189 1179 1255 et
1208 1181 1286 1278 ipsa
1310 1181 1397 1254 inter

283 1309 321 1362 ue
345 1294 513 1383 pugnentt
539 1305 601 1356 nec
626 1283 765 1381 denique
791 1293 983 1379 argumenta
1008 1284 1139 1381 prolata
1164 1289 1252 1372 suot,
1280 1282 1397 1378 quibus

282 1387 491 1476 (efficeretur,
524 1395 560 1458 ut
586 1385 761 1458 simulacra
785 1387 933 1458 Atlantis
959 1386 1145 1482 antiquiora
1168 1384 1289 1458 tatutis
1314 1408 1398 1480 poe-

283 1499 391 1564 nmo
423 1488 526 1560 inisse
557 1496 617 1559 sut
635 1500 721 1560 'esse
754 1487 903 1584 potuisse
929 1487 1157 1578 crederemus.
1206 1485 1396 1575 Postremo,

284 1590 411 1687 inquit,
444 1591 510 1665 ista
542 1613 637 1686 qnam
662 1588 828 1662 Homerus
860 1589 941 1663 lenit
973 1589 1101 1660 laonloe
1131 1587 1268 1661 mutatio
1295 1587 1403 1660 doen-1
1515 1649 1516 1652 ,

284 1700 428 1767 mentum
453 1701 504 1764 est
530 1693 601 1768 eios
627 1692 779 1783 rationis,
805 1713 871 1788 qua
896 1700 995 1788 pocta
1020 1691 1079 1762 ille
1106 1690 1255 1786 antiquas
1272 1689 1397 1768 indoles

147 1836 149 1844 ·
285 1818 347 1890 pro
373 1817 434 1866 suo
450 1793 573 1865 indicio
591 1794 753 1888 reingere
775 1793 995 1879 consueverit.
1047 1789 1124 1864 Hoc
1140 1813 1268 1886 quoque
1283 1800 1398 1888 aperte

285 1895 404 1969 laisum
430 1903 494 1985 cst,
521 1894 599 1989 quia
622 1917 663 1964 an
690 1895 814 1990 aliquid
841 1894 1013 1966 mutaverit
1037 1892 1204 1966 Homerus
1229 1891 1399 1966 inAtlan·

286 1995 331 2068 tio
356 1994 467 2066 laonla
492 2018 553 2066 nec
579 1995 700 2066 scimus
725 2020 788 2067 nec
813 1995 898 2067 scire
923 2019 1111 2092 possumus.
1157 2053 1160 2062 ,
1250 2037 1253 2048 =

387 2094 508 2166 Patere
535 2118 579 2165 ex
605 2095 655 2166 his
682 2096 796 2187 eredo,
822 2097 887 2168 lmc
911 2096 1008 2168 modo
1032 2120 1095 2178 nec
1112 2096 1153 2168 de
1166 2095 1303 2168 Atlante
1329 2093 1399 2170 ‹lis-

287 2195 465 2294 putaudum
487 2195 607 2286 luisse,
635 2219 741 2314 ncquc
763 2197 864 2272 ullam
887 2197 983 2270 aliam
1003 2207 1146 2272 veteram
1165 2197 1308 2270 fabulam
1326 2221 1399 2270 esso

201 2320 206 2340 ²
288 2295 529 2400 explicandam.
578 2297 713 2370 Accidit
739 2299 810 2372 viro
837 2299 1080 2387 eruditissimo,
1115 2299 1201 2398 quod
1227 2299 1262 2372 in
1288 2299 1399 2374 multis
1464 2383 1467 2389 ,

287 2398 547 2473 animadvertere
573 2401 870 2495 licetmytliolopis
892 2409 989 2498 atque
1008 2401 1251 2496 arcoaoologn's,
1276 2408 1313 2472 ut
1335 2401 1401 2498 ipsi

288 2500 413 2598 aliquid
445 2525 507 2598 pro
540 2501 646 2605 lubitu
671 2527 731 2575 suo
758 2502 966 2598 confingant,
1006 2502 1104 2600 idquc
1138 2502 1255 2577 deinde
1289 2503 1400 2600 proris

237 2627 242 2638 ·
288 2602 717 2699 interpretationibus-noo
745 2613 835 2677 reete
860 2605 1040 2677 intcllectis
1056 2603 1282 2696 testimoniis,
1315 2604 1399 2678 mele

289 2703 455 2777 conclusis
488 2699 669 2778 rationibus
706 2705 880 2778 defendere
915 2705 1080 2779 studeant.
1106 2757 1111 2766 ι
1144 2705 1242 2798 Quod
1275 2707 1304 2780 si
1336 2708 1401 2780 lnoc'

200 2865 228 2880 f.
289 2804 387 2878 modo
413 2805 496 2876 nihil
522 2805 713 2902 proficitur,
750 2831 888 2904 quanam
914 2808 978 2879 alia
1003 2807 1219 2884 incedendum
1247 2809 1298 2880 ria
1323 2809 1399 2899 erit,

291 2914 329 2978 nt
354 2907 431 3002 qnid
467 2909 535 2978 veri
560 2908 759 2982 simillimum
787 2911 832 2980 sit
856 2902 1085 3000 inpertiamus?
1134 2907 1208 3000 Ea,
1244 2909 1399 3000 arbitror,

293 3031 387 3104 quam
413 3008 486 3104 ipsa
511 3010 560 3088 rei
583 3020 702 3094 natura
726 3019 762 3082 et
786 3010 871 3082 ratio
897 3019 1069 3100 monstrat,
1096 3018 1133 3081 nt
1158 3012 1263 3107 primo
1288 3011 1401 3084 ridea-

292 3121 383 3201 mus,
416 3109 493 3207 quid
528 3110 771 3206 antiquissimus
804 3119 919 3186 auctor
950 3111 1136 3184 tradiderit.
1152 3113 1185 3210 ²)
1235 3111 1273 3184 Is
1299 3113 1400 3212 igitur

83 3207 811 3324 'U*Qssffimmn

396 3347 488 3435 dallei
513 3390 576 3455 μοι
602 3362 699 3462 ἄμφ’
721 3361 881 3460 Ὀδυσῆϊ
903 3361 1082 3463 δαΐφρονι
1106 3362 1248 3439 δαίεται
1272 3359 1375 3463 ἦτορ,

262 3491 266 3501 “
395 3458 581 3562 δαςμόρῳ,
607 3465 646 3548 ὃς
662 3463 710 3562 δὴ
726 3463 830 3562 δηθὰ
852 3464 973 3565 φίλων
993 3468 1066 3540 ἄπο
1085 3465 1236 3564 πήματα
1257 3463 1400 3564 πάσχει,

382 3752 412 3834 ²)
440 3756 622 3815 contrahere
642 3766 728 3816 monet
749 3758 884 3818 lleffternr
904 3761 932 3816 in
953 3775 1061 3816 censure
1087 3777 1113 3834 p.
1135 3747 1207 3819 288.
1228 3777 1279 3816 nnn
1302 3769 1400 3835 semper

298 3843 504 3918 antiquissimum
525 3849 751 3904 auctoremetinm
773 3844 884 3900 sobolom
906 3842 1000 3900 reicrrc
1021 3841 1401 3918 antiquissimaqueuiodaur

300 3935 384 3984 autem
407 3934 493 4001 aperte
514 3929 658 4004 antiquiora
678 3927 777 3984 tradere
798 3925 830 3982 de
851 3925 970 3996 Atlante,
1001 3936 1030 3985 ut
1051 3935 1094 4002 qni
1115 3929 1265 4004 simpliciter
1285 3947 1343 3986 eum
1364 3929 1400 3986 ir·

300 4015 350 4068 ciat
371 4011 468 4068 caelum
490 4016 632 4081 sustinere,
663 4032 740 4088 quom
762 4011 917 4068 Homericus
937 4009 1014 4068 Atlas
1039 4021 1125 4071 teneat
1145 4013 1286 4082 columnas,
1307 4032 1340 4072 ne
1361 4033 1401 4070 ca·

179 4123 181 4127 v
300 4093 371 4156 lant
414 4094 442 4152 Si
464 4097 604 4170 simplicior
625 4100 736 4153 narratio
758 4097 885 4168 antiquior
906 4104 961 4163 est,
988 4097 1047 4168 elii,
1068 4097 1152 4170 crede,
1175 4107 1260 4173 aperte
1281 4098 1399 4156 Homeri·

301 4199 357 4237 cam
377 4182 544 4256 antiquiorem
566 4199 624 4237 esse
645 4181 792 4238 censebunt.
834 4177 935 4236 Tenere
947 4175 1078 4242 Atlantem
1099 4183 1231 4240 calumnas
1253 4201 1285 4240 ne
1300 4180 1399 4252 cadant,

302 4265 334 4323 de
354 4283 402 4322 suo
423 4264 499 4322 finxit
518 4263 660 4332 Heiitercr,
682 4267 725 4340 qui
745 4259 864 4339 pasl.
886 4283 917 4321 eo
938 4281 1091 4343 progressos
1111 4273 1160 4334 ert,
1181 4275 1211 4324 ut
1231 4267 1400 4334 contenderet,

167 4366 169 4376 ’
302 4343 360 4426 ἔχει
373 4367 413 4409 nc
434 4368 511 4428 porse
532 4345 633 4426 quidam
655 4348 730 4406 aliter
749 4349 868 4428 intelligi.
