3086 5050
219 1413 244 1484 3
492 1429 494 1442 ·
796 1389 879 1479 'oo

240 1625 245 1642 ‘
329 1587 820 1701 Hirroonomo
865 1583 1375 1724 oLYMP1A00.*)

296 1997 516 2120 perdifficile
544 2055 596 2118 est
630 2069 713 2142 quae
739 2047 846 2119 oeulis
871 2054 1049 2119 cernuntur
1075 2043 1125 2117 ita
1148 2044 1257 2116 verbis
1283 2042 1411 2116 deseri·

298 2150 387 2238 bere,
414 2155 451 2220 ut
477 2147 532 2242 qui
558 2170 612 2218 res
638 2149 729 2243 ipsas
754 2171 819 2220 non
846 2147 987 2221 viderint
1003 2171 1111 2220 reram
1133 2169 1244 2218 earum
1266 2147 1410 2243 speeiem
1536 2179 1537 2212 i

298 2258 405 2322 mente
432 2248 631 2345 concipiant.
681 2247 772 2320 Hine
795 2251 911 2342 multa,
939 2273 1021 2347 quae
1049 2248 1090 2320 de
1109 2247 1296 2320 huiusmodi
1312 2247 1410 2319 rebus
1536 2231 1537 2264 ¹

298 2350 386 2449 apud
411 2350 563 2447 antiquos
589 2349 770 2447 scriptores
795 2363 974 2424 memorata
991 2351 1144 2448 legimus,
1171 2357 1237 2422 tam
1255 2357 1333 2422 sont
1350 2348 1411 2420 du·

299 2453 365 2544 tois,
388 2459 428 2538 ut
454 2453 510 2548 qui
535 2475 575 2524 ee
601 2452 765 2550 pingendo
788 2453 965 2526 informare
988 2453 1097 2528 eonati
1119 2459 1207 2543 suut,
1233 2476 1300 2523 non
1314 2450 1411 2523 modo

299 2579 398 2652 saepe
423 2554 458 2626 in
484 2554 707 2626 diuersissima
729 2555 881 2643 abierint,
909 2579 1019 2626 verum
1037 2553 1212 2649 aliquando
1231 2553 1330 2624 etiam
1347 2552 1413 2624 fin·
1537 2540 1538 2578 ¹

196 2730 201 2740 ,
301 2657 411 2728 nerim
436 2664 573 2727 naturae
598 2681 707 2727 rerum
733 2658 910 2728 contraria.
960 2654 1045 2727 Nam
1067 2656 1102 2726 in
1123 2655 1188 2726 hoe
1204 2678 1334 2750 quoque
1352 2678 1413 2750 ge-

300 2783 379 2829 nere
405 2756 562 2852 quaedam
587 2758 816 2851 inueniuntur,
831 2750 834 2766 “
849 2782 931 2855 quae
958 2757 1103 2854 quamuis
1129 2757 1219 2852 pieta
1244 2766 1355 2852 aptam
1380 2763 1414 2828 et

300 2859 448 2956 poteram
474 2859 617 2955 speeiem
642 2860 839 2957 praebeant,
876 2869 1005 2950 tamen,
1042 2860 1072 2930 si
1103 2857 1191 2946 ¹facto
1217 2880 1414 2954 repraesen-

300 2959 400 3032 tanda
425 2959 504 3051 sint,
530 2983 614 3032 vana
633 2960 935 3058 deprehendantur.
987 2959 1124 3057 Insigne
1151 2960 1337 3056 exemplum
1362 2967 1414 3030 est

300 3060 536 3158 hippodromus
562 3059 790 3157 Olympiaeus,
816 3063 851 3134 in
877 3087 941 3158 quo
968 3063 1024 3158 qui
1049 3059 1228 3133 aCleoeta
1252 3059 1412 3132 exstructi
1537 3079 1538 3166 p

219 3203 222 3208 ,
303 3164 435 3234 fuerunt
460 3185 624 3253 oareeres,
651 3187 749 3259 quum
775 3163 977 3235 aPausania
1002 3164 1083 3235 satis
1108 3170 1261 3236 aeeurate
1286 3161 1415 3234 deseri·
1537 3219 1538 3242 ,

167 3253 190 3334 “.
248 3301 250 3308 v
304 3263 354 3360 pti
379 3262 580 3356 riderentur,
606 3273 716 3337 tamen
740 3266 856 3337 miram
880 3266 1067 3338 excitarunt
1092 3265 1328 3337 dissensionem
1354 3261 1417 3336 do-

151 3419 155 3438 .
185 3415 188 3420 -
273 3370 279 3378 ’
305 3374 454 3457 ntorum,
486 3389 623 3460 quorum
648 3367 707 3438 alii
732 3391 790 3440 eos
815 3367 932 3460 aliter,
965 3391 1005 3439 ao
1029 3367 1098 3438 fere
1124 3365 1171 3438 ita
1197 3366 1415 3455 delineatum,

306 3476 343 3556 ut
367 3468 442 3564 ipsa
466 3468 517 3538 rei
541 3468 626 3544 ratio
653 3492 694 3540 ea
718 3469 916 3540 lineamenta
940 3469 1025 3542 falsa
1049 3492 1122 3540 esse
1149 3466 1314 3539 ostendat.
1374 3464 1416 3536 Id

226 3651 230 3660 p
308 3568 415 3665 quoad
441 3567 517 3641 fieri
542 3571 683 3666 poterit,
718 3570 851 3667 planum
882 3569 991 3642 faeere
1025 3569 1177 3642 studebo.
1226 3567 1438 3640 Nominarit.

309 3694 381 3761 eos,
408 3671 464 3766 qui
490 3669 531 3742 de
556 3672 621 3743 hoe
644 3671 861 3768 hippodromo
887 3671 1111 3744 disseruerunt
1127 3669 1358 3768 Rothgeberus,
1382 3668 1417 3740 in

307 3769 595 3869 Eneyolopaediae
627 3775 823 3846 universatis
857 3783 940 3846 seet.
965 3771 1036 3845 ΠΙ.
1069 3771 1137 3845 rol.
1162 3769 1235 3844 ΠΙ.
1267 3795 1304 3868 p.
1331 3771 1417 3846 124.

310 3897 384 3970 seq.
442 3872 677 3972 Diserepantia
707 3875 795 3947 inter
819 3899 856 3947 se
881 3876 1097 3966 lineamenta,
1131 3897 1214 3971 quae
1238 3871 1417 3962 Folardus,

309 3973 441 4047 Ennius
467 3973 624 4067 Quirinus
641 3975 850 4068 Visoontius,
876 3977 1068 4049 Alexander
1093 3976 1134 4047 de
1159 3973 1215 4046 La
1229 3973 1341 4046 Borde
1367 3973 1420 4044 fe·

312 4085 441 4168 eerunt,
466 4099 531 4148 una
556 4102 629 4150 oum
654 4101 734 4152 suae
760 4078 923 4174 opinionis
949 4077 1194 4150 adumbratione
1209 4074 1300 4147 dedit
1314 4073 1420 4147 Choi-

313 4179 387 4250 seul
419 4176 574 4253 Gouitier
610 4181 646 4251 in
686 4177 1020 4254 Commentationibus
1059 4179 1187 4275 Regiae
1219 4175 1421 4250 Aoedemiae

402 4429 432 4510 ⁹)
458 4431 538 4491 Edita
557 4442 600 4492 ent
619 4451 643 4492 a.
667 4431 757 4494 18³9.
