3076 5046
518 375 575 438 llll
604 377 832 442 erutum
1162 371 1229 444 Μ

195 529 324 640 ’νήσῳ
353 542 395 618 ἐν
426 531 657 641 &waben-3·
674 539 819 672 eus-12
845 537 1014 640 ὀμφαλός
1044 543 1121 618 ἐστι
1144 543 1229 618 θα·-

218 752 331 842 anuos
354 702 597 841 δονδοήεσσα,
620 742 694 820 θεὰ
720 743 757 820 ‹l’
771 651 1011 839 liuilnolnura
1035 741 1144 833 ναίει,

212 847 408 929 ’Άτλαοτος
425 843 605 948 θυγάτηρ
631 842 868 945 ὀλοόφρονος,
895 843 1204 943 interiectionem
1286 887 1292 896 ·

144 1011 157 1028 e
217 944 344 1076 aduno!
359 947 643 1079 &liviam
667 950 738 1077 ἔχοι
763 947 809 1076 clf
828 947 1154 1078 “fllmefflll
1272 979 1276 992 ¹

118 1097 142 1126 .·
217 1077 377 1146 μοοοοαο,
403 1077 442 1124 αι
464 1077 579 1152 yones
603 1078 642 1124 το
667 1078 731 1126 και
751 1077 915 1149 ουρανον
935 1079 1053 1150 αμφις
1068 1070 1227 1146 exornate.

117 1194 263 1275 Insulam
289 1210 466 1294 memorat,
501 1227 597 1300 qoam
630 1197 709 1275 alibi
741 1211 839 1277 uocat
864 1185 1042 1302 Ogygiam.
1099 1198 1140 1274 lu
1167 1207 1230 1274 nok

117 1295 201 1377 men'
217 1303 308 1376 r'eote
334 1301 485 1377 videntur
510 1308 559 1378 oio
584 1305 808 1403 interpretari,
822 1310 872 1378 'ut
889 1331 931 1379 ex
952 1305 1147 1403 primigenio
1162 1296 1228 1378 'ovo

17 1445 22 1456 =
116 1414 195 1478 nata
221 1412 318 1501 atqua
343 1405 419 1478 inde
445 1397 683 1503 antiquissima,
709 1432 846 1504 qnorum
874 1409 1048 1480 obscurata
1072 1407 1229 1479 memoria

117 1506 174 1600 sit,
202 1505 379 1604 significet.
429 1504 546 1602 Insula
570 1509 636 1580 ista
664 1509 703 1579 in
736 1509 843 1596 medio
873 1510 954 1580 mari
982 1517 1046 1580 est.
1096 1500 1230 1606 Itipst

117 1607 248 1704 qnidam
273 1606 420 1681 Homero
455 1633 543 1680 mare
577 1609 849 1682 mediterraneum
882 1618 953 1701 est,
993 1610 1028 1681 in
1060 1609 1231 1705 incognita

116 1718 255 1807 patens:
292 1710 354 1802 iis,
388 1733 407 1780 a
440 1709 557 1808 quibus
583 1733 653 1781 eam
679 1710 796 1781 lamam
825 1711 973 1806 aceepit,
1011 1720 1117 1782 utrum
1143 1711 1231 1782 idem

63 1843 72 1866 s
116 1835 220 1902 mare,
246 1835 287 1882 an
313 1816 433 1907 p’ontus
448 1809 603 1883 Euxinus
627 1811 739 1903 luerit,
766 1812 848 1884 nihil
869 1811 909 1884 ed
931 1837 1000 1883 rem
1016 1810 1115 1883 lacit:
1141 1833 1231 1884 mare

115 1911 367 2010 intelligebatur
391 1937 543 2010 magnum
569 1923 666 2010 atque
692 1913 903 2005 immensum,
931 1914 1023 1985 coins
1048 1914 1086 1984 in‘
1108 1913 1230 2017 medio,
1335 1921 1340 1932 “

115 2014 216 2114 longe
243 2012 283 2088 ab
309 2015 463 2086 habitatis
490 2016 571 2108 oris,
598 2016 706 2087 insula
732 2023 832 2087 esset.
885 2015 978 2106 Quae
999 2039 1069 2086 eam
1090 2013 1230 2086 insulam
1272 2045 1278 2052 ·

116 2124 209 2188 tenet
233 2117 385 2215 nympha,
414 2099 558 2215 Calypso
585 2117 673 2190 dicta
699 2125 762 2208 est,
790 2115 890 2216 quod,
917 2117 1003 2189 sieut
1028 2118 1101 2212 ipsa
1122 2115 1232 2188 iu'oe-

118 2218 418 2310 eulto'hominibus
444 2220 519 2292 loeo
546 2219 722 2310 habitaret,
748 2221 795 2291 ila
822 2220 971 2291 occultos
998 2226 1144 2310 teneret,
1174 2215 1230 2315 qui

118 2319 158 2392 at
187 2345 256 2392 eam
283 2329 394 2392 essent
420 2319 533 2392 delati.
584 2319 688 2391 Pater
720 2321 879 2416 nymphae
904 2321 1002 2390 Atlas
1029 2317 1099 2411 est,
1134 2318 1281 2417 qnemlll

114 2421 249 2495 labores
263 2423 294 2520 ³)
331 2421 526 2493 tolerantem
559 2409 739 2517 significari
771 2427 875 2516 patet.
941 2417 1058 2492 Labor
1090 2417 1229 2492 indicari
1278 2481 1283 2502 ,

118 2524 250 2597 ‘uidetur
274 2548 334 2614 eo,
372 2520 456 2617 quod
485 2521 594 2593 omnia
619 2516 717 2592 maris
750 2519 913 2618 profunda
939 2521 1071 2614 cognita
1096 2521 1229 2613 lrabeat,

116 2632 294 2720 teneatque
329 2621 412 2696 'caeli
446 2631 479 2694 et
504 2630 613 2693 terrae
640 2621 820 2699 columnas.
870 2618 947 2691 Non
979 2619 1057 2692 licta
1083 2621 1165 2692 baec
1190 2623 1230 2696 at

118 2725 281 2816 Homero,
308 2715 366 2795 sed
393 2732 529 2822 accepta
554 2723 594 2793 ab
617 2722 855 2817 antiquioribus
875 2745 961 2812 esse,
989 2745 1042 2792 res
1063 2721 1137 2817 ipsa
1151 2746 1234 2819 pro-

120 2826 182 2898 (lit.
234 2825 317 2898 Nam
343 2825 416 2922 ipse
442 2825 470 2896 si
497 2817 695 2914 invenisset,
723 2823 953 2920 descripsisset
978 2823 1045 2913 ita,
1072 2831 1109 2895 ut
1132 2824 1233 2920 plane

118 2927 265 3024 intelligi
290 2933 439 3024 possent.
491 2925 587 3019 Quod
622 2950 718 3023 quum
745 2949 840 2998 secus
866 2926 929 3017 sit,
963 2934 1101 3022 apparet
1125 2932 1233 2997 rottu·
1297 2959 1319 2980 ιο

119 3029 201 3107 lisso
228 3055 314 3122 eum,
342 3053 424 3126 quae
450 3029 587 3101 uetustis
613 3024 733 3100 fabulis
759 3036 892 3100 narrata
916 3027 1014 3099 etiam
1041 3051 1105 3100 non
1131 3028 1233 3100 iutel-

119 3133 210 3205 loeta
234 3157 295 3229 pro
322 3131 409 3203 ueris
434 3131 648 3205 habebantur.
700 3131 847 3223 Quorum
873 3131 958 3201 ratio
985 3128 1015 3200 si
1040 3154 1105 3201 non
1121 3124 1233 3202 statim

118 3241 156 3328 et
181 3233 287 3331 primo
314 3232 472 3330 adspectu
497 3241 601 3329 patet,
627 3258 694 3304 non
719 3240 795 3304 sunt
817 3231 971 3303 continuo
998 3255 1059 3326 pro
1081 3230 1232 3303 absurdis
1264 3297 1267 3302 .
1365 3277 1370 3280 -

68 3405 73 3414 ‚
120 3334 340 3424 numeranda,
374 3332 432 3405 sed
459 3333 696 3429 quaerendum,
731 3333 809 3429 quid
834 3334 896 3404 sibi
925 3332 1086 3403 noluerint
1112 3333 1171 3429 qni,
1193 3355 1233 3404 ea

120 3437 330 3525 inuenerunt,
355 3434 425 3508 sive
450 3434 484 3504 id
511 3459 553 3505 ex
579 3435 662 3530 ipsis
687 3433 795 3505 uerbis
822 3433 979 3528 cognosci
1003 3441 1134 3530 potest,
1161 3433 1231 3506 sine

123 3535 299 3634 petendum
325 3544 377 3607 est
402 3533 441 3606 ab
466 3535 522 3626 iis,
550 3537 604 3631 qni
631 3547 708 3632 post
723 3530 902 3604 Homerum
928 3559 982 3604 ros
1008 3533 1084 3605 illas
1110 3535 1232 3631 attige-

123 3649 213 3711 runt.
270 3639 322 3710 Ao
355 3636 460 3734 primo
468 3666 497 3744 3·
518 3660 616 3733 quum
641 3638 738 3708 Atlas
772 3635 899 3706 dicatur
930 3635 1039 3706 ‘omnia
1070 3635 1232 3737 protunda

209 3909 239 3990 ³)
266 3911 342 3970 Haeo
368 3918 395 3970 et
420 3929 486 3987 quae
511 3915 653 3986 sequnntur
672 3911 786 3987 graviter
805 3911 932 3984 vituperat
951 3907 1085 3966 Hefftenus
1113 3929 1137 3986 p.
1159 3905 1231 3971 289.

127 3993 198 4075 seqq.
220 3997 350 4078 Atlantem
372 4015 423 4060 nou
445 3997 549 4055 laborer
566 3995 723 4064 tolerantem,
744 3991 791 4050 aed
811 3995 961 4070 simpliciter
982 3994 1130 4054 tolerantem
1152 3997 1231 4072 tigni·

126 4083 204 4142 ficare
226 4081 390 4140 contendeus.
432 4081 489 4160 Ego
511 4077 612 4156 quidem
636 4079 709 4138 orello
730 4079 829 4156 pri'scoe
850 4079 911 4136 illos
933 4080 1074 4138 fabularum
1090 4087 1231 4156 repertores
1273 4093 1279 4100 ·

127 4186 160 4224 ue
182 4167 295 4244 cogitare
316 4167 416 4244 quidem
438 4167 586 4223 tolerantem
608 4167 724 4241 potuisse
746 4167 796 4221 nisi
818 4161 904 4220 addito
929 4161 990 4241 qnid
1009 4163 1135 4222 toleraret.
1178 4159 1229 4221 Setl

40 4319 47 4332 Ι
129 4256 233 4309 omniuo
255 4251 371 4327 cupidius
393 4249 539 4309 defendisse
560 4268 589 4306 re
609 4248 710 4316 ridetur
730 4248 971 4308 vir-doctissimus:
999 4252 1042 4325 qui
1063 4267 1140 4324 quum
1163 4249 1229 4304 terre
1276 4277 1280 4284 ·

129 4337 201 4480 ιλιοϋῐλ
214 4339 386 4478 οινιίξέιοῑὶοι,
405 4355 456 4395 uon
478 4335 568 4394 inutile
589 4335 667 4392 luerit
687 4336 835 4392 memoriam
855 4353 983 4403 revocare,
1004 4351 1050 4390 eur
1059 4331 1151 4390 Vlixes
1173 4345 1229 4390 no·

148 4440 183 4482 vr
202 4441 255 4492 ας,
322 4439 337 4478 a
369 4471 372 4480 ,
