3086 5050
221 215 226 222 ’
410 221 566 338 ‘omnm
587 255 629 316 m
651 253 784 356 saoms
798 253 1065 320 sncunnmnns.
1236 251 1303 324 tls
1331 299 1332 302 κ

112 409 117 416 ’
184 419 820 511 deo*homi1esnradere‚·ntnatura
851 445 911 494 sua
943 421 1006 496 toti
1038 409 1299 520 adprar‘itatem

184 523 348 615 terantur,
375 524 541 619 uirtusque
566 523 649 594 nihil
675 523 720 596 sit
744 523 845 615 alind
873 547 967 620 quam
994 521 1209 620 supplicando
1231 521 1299 620 'iro-

179 629 316 720 ‘petrata
349 624 444 696 nenia
475 634 699 721 pcccatorum·
750 625 896 718 Quorum
930 626 1069 698 alterum
1101 632 1174 708 uon
1199 625 1299 720 erigit
1337 641 1344 652 ·

184 725 363 817 hominem,
388 727 526 798 alterum
545 726 642 798 etiam
661 726 829 822 deprimit.
872 726 1070 804 Acceditad
1089 726 1185 818 haec,
1211 725 1299 822 quod
1426 791 1428 794 .

32 864 49 876 ‘
185 826 383 924 perdifficile
416 835 486 919 est,
528 828 612 901 illud
637 827 672 901 in
699 828 846 902 docenda
870 827 1033 924 religione
1059 837 1301 924 temperamen-

180 937 424 1023 tnmservarn,
452 953 517 1026 quo
543 953 609 1008 uon
634 930 814 1002 hebescunt
838 931 953 1002 crebra
978 929 1165 1014 eurumdem
1188 953 1301 1010 rernm

184 1030 381 1126 repetitione
407 1031 505 1102 animi
530 1040 589 1105 ant
612 1032 722 1104 taedio
747 1031 950 1104 allicientem
985 1030 1301 1112 maminotum,
1414 1044 1419 1049 ’

184 1133 254 1223 uis,
288 1131 347 1203 sed
372 1141 557 1228 opportuna
590 1141 625 1205 et
650 1133 761 1230 gravis
788 1129 972 1206 cohortatio
1001 1132 1138 1206 validius
1172 1134 1325 1212 excitat*

183 1234 310 1305 animos
336 1241 369 1306 et
395 1235 520 1306 lirmins
540 1235 743 1308 inhaerescit
762 1235 951 1308 memoriae.
1001 1233 1077 1308 Non
1100 1234 1186 1307 enim
1202 1259 1298 1308 men·
1431 1241 1433 1252 ’

183 1335 246 1426 tis,
274 1335 331 1406 sed
358 1336 503 1431 pectoris
529 1333 581 1408 est
605 1337 733 1432 pietas,
763 1359 831 1408 neo
856 1343 987 1409 monent
1012 1336 1175 1427 animum,
1211 1340 1319 1432 qpadl

183 1437 419 1509 consuetudine
437 1438 587 1533 uulgaria
611 1437 706 1528 liunt,
734 1437 928 1534 praesertim
953 1437 1041 1534 apud
1058 1461 1130 1527 eos,
1150 1461 1296 1534 ‚quornm

180 1648 289 1712 autem
316 1639 433 1712 cadere
459 1641 524 1712 hoo
549 1649 695 1737 tempore
721 1642 757 1714 in
781 1642 958 1736 plerosque
983 1665 1049 1714 non
1073 1649 1124 1716 est
1139 1641 1296 1717 dissimu-

180 1739 326 1812 landum.
378 1740 466 1833 Quid
492 1741 579 1816 enim
605 1751 753 1837 tegamus
780 1742 893 1816 vitium
920 1741 1043 1832 seculi,
1080 1749 1115 1813 et
1139 1767 1205 1816 non
1231 1767 1296 1838 po«

60 1561 64 1568 ’
182 1538 216 1610 ἰιι
243 1538 358 1612 animis
385 1563 450 1612 uon
476 1539 563 1610 inest
587 1538 830 1612 fundamentum
852 1538 985 1634 aliquod
1003 1539 1201 1614 sanctitatis.
1252 1538 1303 1613 qq,
1435 1599 1437 1602 .

181 1841 246 1914 tius
271 1843 413 1938 ingenue
440 1843 674 1934 conliteamur,
709 1867 825 1916 reuera
858 1843 940 1916 nihil
968 1845 1032 1917 iam
1058 1851 1207 1940 sanctum
1232 1844 1297 1930 ha·
1433 1913 1436 1923 .

181 1943 264 2014 heri.
308 1943 496 2022 ‘Miramimi
521 1945 663 2040 lodessa
688 1944 753 2018 hoo
778 1945 857 2036 dici,
884 1939 1065 2035 auditores,
1092 1952 1208 2030 etant
1228 1945 1296 2022 tal«
1417 1965 1424 1978 ‘

179 2035 542 2137 sumesseiudieatis‚
570 2056 626 2118 ant
652 2047 801 2142 quodne
827 2069 962 2142 parrum
988 2055 1040 2120 est
1064 2047 1179 2142 angeri
1195 2055 1296 2143 putas
1398 2135 1400 2140 Α
1467 2119 1470 2128 ,

130 2141 135 2156 ’
179 2146 222 2218 tis
256 2148 430 2222 atrocitate
464 2147 568 2220 verbi.
629 2149 676 2220 At
706 2149 755 2220 ita
788 2172 862 2222 esse
890 2148 1007 2226 omnis„
1028 2156 1062 2220 et
1093 2147 1227 2244 puhlica
1259 2157 1296 2226 et

178 2248 307 2344 privata
340 2249 406 2324 vita
431 2250 563 2320 clamat.
613 2247 699 2323 Nam
724 2249 921 2345 populorum
946 2250 1034 2322 inter
1057 2274 1114 2340 se,
1151 2251 1204 2322 vel
1229 2275 1295 2346 po·-

177 2350 243 2422 tins
270 2373 382 2422 eornm
409 2351 465 2444 qni
490 2357 610 2444 regunt
634 2351 789 2446 populos,
816 2349 1201 2424 officiosamcomitatem
1218 2352 1293 2446 quis

178 2451 296 2542 nescit,
324 2451 503 2524 communis
529 2451 684 2522 utilitatis
707 2451 818 2546 specie
843 2459 1027 2547 praetenta,
1055 2450 1293 2528 dissimulatio·-

177 2559 252 2624 nem
277 2575 351 2626 esse
377 2552 457 2623 halli
484 2552 536 2622 vel
560 2553 669 2648 paradi
695 2553 747 2624 vel
781 2545 976 2624 formidati?
1027 2549 1156 2624 Civium
1183 2537 1293 2630 huten
1410 2553 1413 2570 '

177 2654 206 2726 si
231 2654 383 2750 plerique
406 2654 536 2748 legibus
563 2653 796 2726 convenienter
822 2653 945 2743 uiuunt,
971 2653 1002 2730 si
1029 2653 1194 2726 honestati
1217 2664 1292 2726 stu-
1371 2731 1375 2743 ,
1513 2657 1536 2716 .“

107 2814 109 2822 ,
166 2755 273 2846 dent,
304 2756 333 2826 si
360 2755 518 2846 benedici,
550 2756 581 2826 si
607 2755 761 2830 liberales
787 2764 876 2846 sunt,
903 2756 936 2828 si·
958 2754 1089 2827 assidue
1114 2755 1212 2828 rebus
1238 2755 1293 2826 di·-
1403 2817 1407 2824 ,

176 2852 261 2928 vinis
289 2881 421 2954 operam
449 2857 546 2947 dant,
574 2857 613 2944 si
644 2857 771 2952 ingenti
790 2865 976 2953 *apparatu*
998 2857 1170 2928 sollemnia
1195 2880 1291 2931 sacra

75 3018 80 3032 Ι
174 2959 352 3051 instruunt,
380 2984 420 3031 eo
445 2983 511 3032 non
538 2958 642 3051 magis
668 2960 810 3055 aliquam
828 2959 1035 3030 sanctitatem
1053 2957 1290 3048 denmnstrant,

59 3087 66 3098 “
175 3083 271 3156 quum
297 3062 353 3158 qni
379 3061 556 3154 credendo,
585 3060 720 3150 orando,
748 3061 964 3147 caerimonias
990 3059 1206 3151 observando,
1233 3085 1290 3133 re·

174 3163 317 3257 ligiones
343 3187 419 3236 suras
446 3163 592 3234 barbaris
620 3161 843 3254 obtrudendo‚
880 3161 1036 3259 quidquid
1062 3161 1210 3258 improbe
1237 3163 1289 3235 lo·
1385 3177 1391 3186 ‘

174 3263 276 3353 ciant,
304 3265 471 3360 capriatam
497 3264 539 3334 iri
567 3265 760 3359 opinantur:
788 3288 870 3358 quae
889 3264 997 3336 ornuia
1019 3265 1167 3336 nonnulli
1185 3273 1287 3354 metu,
1368 3297 1370 3304 ¹
1401 3307 1409 3314 ·

173 3363 269 3434 molti
292 3364 487 3461 prudentia,
520 3364 671 3461 plerique
693 3361 952 3455 consuetudine,
983 3364 1113 3458 quidam
1139 3372 1290 3438 ostentas
1417 3388 1421 3394 ·

172 3465 282 3557 tione,
322 3467 420 3563 pauci
453 3489 509 3536 ex·
522 3466 629 3538 animo
656 3465 792 3538 faciunt.
849 3463 891 3537 In
924 3465 1068 3538 moribus
1099 3465 1210 3561 posita
1229 3459 1289 3540 'ast

173 3569 350 3659 sanctitas,
390 3591 526 3664 quornm
551 3591 619 3640 nnn
644 3575 696 3638 est
728 3567 814 3640 scire
848 3566 924 3668 quid
951 3566 1188 3656 sanonum,
1224 3568 1286 3640 sed
1375 3659 1377 3666 Ι

101 3737 112 3748 ,
171 3670 357 3743 reuerentia
382 3669 616 3742 sanctimoniae
634 3668 810 3742 abhorrere
832 3667 1041 3765 apravitate,
1064 3667 1202 3764 ipsaque
1224 3693 1286 3744 na·-

171 3779 246 3844 tura
278 3771 366 3868 quod
400 3795 511 3843 rerum
539 3778 577 3842 et
608 3771 727 3842 honum
759 3778 793 3842 et
817 3770 972 3842 decorum
997 3776 1049 3842 est
1074 3777 1111 3850 ut
1136 3777 1284 3845 sanctum

171 3881 269 3968 atque
294 3872 483 3946 inviolabile
510 3873 691 3968 suspicere.
743 3871 830 3963 Quid
865 3896 942 3944 uero
975 3895 1062 3945 nuno
1087 3880 1157 3963 est,
1194 3872 1282 3966 qnod

78 3977 83 3990 ’
172 3998 333 4047 consensu
359 3975 399 4046 ah
426 3975 574 4047 omnihus
598 3983 697 4070 atque
723 3999 766 4046 eu
792 3974 899 4048 animo
925 3982 1074 4047 sunctum
1099 3967 1283 4049 habeatur?

171 4099 248 4146 sum
272 4070 421 4174 religio?
460 4085 538 4150 num
569 4075 655 4148 fides
689 4083 723 4148 et
754 4068 1005 4148 iusiurandum?
1040 4100 1116 4154 num
1147 4067 1281 4169 patriai?

170 4197 246 4248 nnm
279 4180 431 4253 instituta
455 4172 641 4252 maiorum?
662 4171 752 4250 'num
778 4178 931 4250 maiestas
956 4169 1076 4274 regia?
1107 4198 1183 4246 nnm
1202 4199 1281 4246 ma·

171 4277 368 4374 gistimnnm
393 4273 601 4358 auotoritas?
638 4305 715 4354 unm
747 4279 903 4355 nohilitos
927 4270 1085 4376 generis?
1123 4301 1198 4348 unns
1224 4301 1282 4351 re-

981 4391 1081 4458 Dd2

1387 3850 1536 3987 a,

1429 4127 1432 4132 ,
1529 3994 1533 4173 p

1527 4194 1532 4340 ¹

1386 4475 1541 4579 ‘ml
