3084 5050
236 432 241 464 s
262 460 265 468 .
303 371 366 440 rec
607 373 659 436 un
679 371 826 470 orriolo
846 371 1104 434 rnuuaeasru.

300 540 465 644 particula
481 539 619 612 haheat.
661 518 743 614 's'ea
775 548 949 637 spreverat
973 539 1171 616 scholiastae
1197 537 1239 612 do
1264 539 1412 612 aemulo·
1507 621 1511 636 Ι

298 643 391 716 tione
417 665 501 738 quae
525 641 818 716 iuterPiudarum
851 650 885 714 et
909 641 1143 738 Bacchylidem
1169 640 1269 714 fuerit
1293 664 1412 714 narra·

300 745 436 836 tionem,
470 767 564 839 quarn
584 743 722 814 ¹minime
749 743 1017 816 contemnendam
1043 767 1117 816 osse
1143 750 1257 816 contra
1283 741 1412 815 Thier-
1527 813 1528 818 ,

263 921 273 926 ,
300 846 427 923 sohium
452 845 597 938 ostendit
621 843 748 918 Neuius
779 845 816 916 iu
830 845 1051 940 Bacchylidis
1085 829 1277 940 fragmentis
1307 870 1345 941 p.
1371 848 1411 920 3.

299 970 394 1045 seqq.
445 945 494 1019 Et
519 947 713 1020 confirmare
739 970 810 1018 eam
838 947 988 1020 videntur
1004 946 1141 1037 omnia,
1178 969 1260 1042 quae
1285 945 1351 1020 hoc
1375 947 1411 1020 in

300 1049 443 1122 carmine
469 1049 555 1121 dixit
578 1047 757 1121 Pindarus.
817 1046 917 1120 Certe
942 1073 1041 1121 unum
1066 1048 1272 1144 potissimum
1299 1049 1412 1121 ohtre·

300 1159 459 1224 statorem
484 1150 607 1247 respici
628 1151 729 1222 uerba
754 1150 827 1246 ipsa
853 1175 950 1246 quum
976 1151 1055 1222 alihi
1081 1159 1149 1222 tum
1174 1150 1229 1222 hio
1254 1149 1411 1246 produnt.

298 1250 498 1324 Rectissime
524 1252 608 1324 enim
626 1252 710 1324 haec
726 1250 815 1324 dicto
830 1260 924 1325 suutr
950 1253 1004 1325 sis
1019 1253 1148 1350 quotis
1164 1275 1216 1342 cr,
1243 1263 1411 1328 etmoseo

299 1365 356 1428 te:
392 1355 534 1451 pulcer·
549 1401 551 1409 ‹
560 1351 739 1454 profecto
771 1355 906 1426 simius
932 1351 1044 1455 apud
1060 1378 1224 1452 pereroo,
1260 1377 1413 1454 semper*

294 1455 446 1556 pulcer.
498 1455 617 1528 Mouet
641 1454 821 1526 Hieronem
847 1463 958 1552 poeta,
985 1466 1022 1526 ut
1045 1457 1119 1552 ipse
1145 1455 1252 1551 qualis
1278 1456 1323 1528 sit
1348 1481 1411 1528 uo-

254 1629 257 1637 ,
298 1564 389 1648 scat,
426 1558 593 1654 talemque
623 1581 659 1630 se
691 1557 866 1653 praeheat,
908 1581 1014 1655 neque
1046 1549 1158 1630 audiat
1190 1557 1411 1630 blandientem

281 1679 457 1748 scurram.
507 1658 592 1731 Nam
626 1682 772 1731 scurram
805 1659 961 1730 admirari
994 1660 1169 1732 stultorum
1201 1683 1288 1738 esse.
1339 1657 1410 1732 Pro

298 1761 408 1832 stultis
441 1761 620 1834 nominavit
652 1784 799 1856 pumma,e
827 1762 1011 1833 scurriliter
1045 1760 1261 1833 blandientem
1288 1768 1410 1853 autem,

248 1863 375 1958 22quia
399 1862 431 1932 id
459 1860 668 1958 πιθηκίζειιι
693 1861 834 1952 dicitur,
853 1863 997 1934 'simium
1023 1863 1166 1933 vocavit.
1217 1861 1315 1953 Quod
1341 1890 1411 1936 κα-

196 1973 205 1998 ·
297 1961 359 2044 λὸς
383 1964 535 2035 iteratum
562 1973 631 2052 est,
672 1962 794 2044 lactum
820 1961 861 2033 de
888 1987 997 2054 more,
1031 1972 1067 2036 ut
1092 1987 1211 2058 magua
1237 1963 1410 2063 admiratio

145 2157 155 2172 Ι
207 2147 211 2155 Ι
285 2063 551 2160 ἐἰςιιίλὶααιοῐιιι,
579 2060 846 2158 quemadmodum
875 2064 962 2160 apud
979 2064 1196 2137 Theocritum
1216 2063 1411 2150 V111.,72.

184 2207 186 2214 ⁴
351 2272 354 2278 .
397 2209 489 2314 adres*
515 2211 588 2314 yde
615 2215 654 2286 ἐκ
674 2203 828 2309 ociorem
847 2207 1037 2312 σύνοφρυς
1052 2210 1146 2312 κόρα
1163 2213 1272 2311 ἐχθὲς
1286 2215 1411 2292 ἰδοῖσα

311 2309 313 2324 ’
397 2313 465 2398 τὰς
498 2310 670 2412 δαμάλας
704 2321 952 2444 necessarus,
995 2312 1129 2408 καλόν,
1172 2316 1287 2394 καλὸν
1317 2314 1411 2417 ἦμεν

930 2441 1105 2518 emansor·

297 2580 332 2646 et
356 2569 443 2668 apud
469 2568 707 2642 Callimachum
732 2570 838 2690 epigr.
866 2573 928 2647 30.

397 2718 591 2817 Λυσανίη,
624 2717 671 2793 σὺ
697 2717 739 2793 dd
764 2719 876 2817 ααίχιδ
890 2698 1011 2811 καλός,
1037 2720 1164 2809 καλός·

298 2884 333 2948 et
356 2876 392 2948 iu
418 2839 652 2971 epigrammate
679 2873 767 2969 quod
791 2875 879 2946 iuter
902 2875 1103 2948 incertorum
1128 2886 1181 2950 est
1207 2881 1268 2952 14.
1362 2889 1369 2898 “

320 3007 322 3094 2
399 3020 484 3099 elad
508 3052 546 3097 τε
571 3020 634 3096 καὶ
659 3007 771 3099 πᾶλιν
796 3021 900 3113 εἶπα,
932 3019 1061 3118 καλός,
1095 3019 1215 3110 καλός.
1301 3083 1304 3092 ι

287 3153 414 3276 ἱΝιιμια
442 3184 513 3248 erat
538 3200 597 3248 cur
621 3176 705 3247 illud
730 3175 904 3249 Buechhio
932 3177 1135 3273 displiceret,
1163 3180 1251 3277 quod
1276 3181 1327 3255 sic
1351 3207 1410 3256 ee-
1529 3239 1530 3252 ι

298 3281 372 3354 dem
397 3303 552 3379 persona,
579 3302 662 3374 quae
687 3278 743 3352 hic
768 3278 882 3350 simius
903 3287 1087 3374 vocaretur,
1114 3283 1227 3379 paullo
1253 3294 1331 3380 post
1357 3286 1410 3358 di·
1481 3367 1482 3370 ,
1529 3339 1530 3362 r

298 3391 430 3457 ceretur
449 3382 582 3478 ,vulpes
623 3377 717 3450 -Nam
743 3403 784 3452 ne
812 3372 1072 3474 commemorem,
1098 3384 1186 3480 quod
1210 3385 1266 3459 hic
1282 3385 1322 3460 de
1338 3386 1410 3460 sola
1529 3391 1530 3480 l

298 3484 539 3574 assentatione,
575 3481 661 3553 iufra
687 3490 795 3556 autem
828 3481 869 3553 de
895 3484 1065 3558 calumniis
1084 3511 1211 3568 sermo.
1232 3496 1303 3579 est,
1336 3490 1408 3586 ipse
1529 3487 1530 3494 '

298 3594 397 3684 pocta
423 3583 595 3659 offensioni
614 3607 653 3654 oo
677 3585 833 3674 occurrit,
862 3584 948 3681 quod
971 3587 1031 3658 illa
1045 3587 1256 3685 interposuit,
1283 3589 1410 3692 ὀργαῖς

266 3686 424 3770 ’ἀτενὲς
448 3684 647 3760 ἀλωπέκων
672 3687 795 3759 ἰ’κιλοι.
811 3687 860 3784 12)
913 3685 983 3760 Sed
1010 3688 1050 3759 de
1085 3692 1201 3785 quihus
1226 3691 1262 3764 id
1287 3693 1409 3766 dictum
1529 3765 1530 3776 2

299 3787 370 3882 est,
411 3787 608 3884 διαβολιᾶν
641 3782 842 3883 ὑποφάτιες
874 3789 1007 3861 multam
1041 3788 1210 3864 dubitandi
1240 3779 1409 3866 materiam
1506 3783 1513 3798 '

177 3921 183 3928 ·
226 3905 227 3910 ’
299 3894 530 3988 praebuerunt.
592 3888 798 3982 Διαβολιᾶν
824 3887 954 3984 quidem
979 3914 1039 3985 pro
1066 3887 1262 3988 ιλιηβολιᾶν
1287 3895 1409 3968 dictum

300 4019 373 4068 esse
398 4017 502 4092 neque
529 3989 682 4084 analogia
707 3989 850 4084 patitur,
884 3997 918 4061 et
943 3993 1024 4063 satis
1050 3992 1172 4065 refutat
1198 3992 1408 4093 Theognidis

300 4121 413 4176 vorsus
447 4096 534 4170 324.
588 4084 802 4188 Ὑποφάτιες
834 4096 941 4170 autem
974 4093 1054 4163 mihi
1088 4093 1218 4188 quidem
1250 4098 1284 4169 er
1308 4097 1408 4171 iidem

385 4315 432 4396 12’λ
458 4318 535 4377 'Haec
555 4328 645 4396 prohat
664 4325 823 4386 Boeolrhius.
865 4326 926 4388 Non
938 4332 1000 4388 item
1015 4349 1081 4407 quae
1099 4339 1248 4408 sequuntur,
1268 4336 1336 4414 quad
1348 4358 1406 4398 no-

300 4399 459 4487 hssywtl‘ltt
482 4414 566 4466 tamen
588 4432 641 4510 nou
662 4423 721 4472 ante
741 4413 861 4486 Dionysii
882 4423 997 4492 tempora
1018 4415 1080 4476 dicti
1101 4418 1206 4482 fuerint.
