3086 5050
308 345 373 421 W
439 405 442 412 .
578 347 630 416 uu
650 343 894 412 affrontem
913 347 1142 412 ammaon

308 515 396 606 dari,
421 522 459 590 ut
481 511 666 610 irthtliis
689 510 811 589 uene
834 537 912 588 esse
931 509 1119 610 Qunam
1134 512 1279 590 iudicatu
1294 535 1421 588 'man

310 618 352 692 alu
377 617 461 714 ipsis
485 615 685 707 oaroerilns,
710 615 905 713 simulatque
930 615 1017 690 inuis
1042 624 1188 688 rernotus
1213 625 1314 704 osset,
1342 641 1423 690 eur·

309 719 405 792 rendi
430 717 551 790 [ταυτα
576 741 650 792 τετε
674 717 801 792 initium
828 741 868 790 eo
895 718 1144 814 cognoscimus,
1177 717 1265 814 qiod
1288 718 1424 790 Pausa·
1472 789 1474 796 .

310 821 383 894 αἰαε
408 829 443 892 et
467 817 663 894 ἐκθέουσιν
687 828 722 892 et
745 817 936 902 lad-donec
959 813 1128 920 γίνονται
1151 815 1246 914 κατὰ
1262 816 1350 904 τοὺς
1368 825 1424 896 sl»

310 917 466 1018 ληχότας
496 916 649 996 ἑστάναι
679 918 749 1017 τὴν
779 915 956 1016 δευτέραν
987 916 1092 1004 τάξιν
1125 921 1226 1011 dicit,
1263 919 1424 1017 additque
1530 929 1531 946 l

311 1025 362 1106 sie
386 1032 588 1120 exaequatos
609 1023 685 1095 iarn
716 1030 787 1096 arte
811 1021 982 1119 aurigandi
1008 1029 1043 1096 et
1067 1023 1237 1096 eeleritate
1262 1047 1425 1119 equorum

312 1125 432 1200 debere
457 1123 636 1197 confidere.
686 1123 784 1198 Nune
808 1125 839 1196 si
863 1125 1031 1221 quaeritur
1065 1147 1129 1220 qna
1154 1147 1272 1198 caussa
1297 1122 1425 1198 Cleos-

311 1235 364 1300 tas
389 1223 545 1322 oppidum
570 1226 666 1300 aunei
690 1226 796 1298 forma
819 1226 1055 1315 construxerit,
1080 1225 1190 1298 senilis
1210 1226 1341 1322 qnidam
1358 1251 1424 1298 er·

311 1329 447 1426 plicatio
474 1336 574 1419 esset,
603 1328 633 1402 si
658 1327 757 1404 erodi.
773 1337 888 1424 posset
913 1353 977 1400 non
1003 1328 1085 1403 sutis
1105 1338 1259 1400 aeourute
1285 1327 1327 1400 da
1343 1330 1424 1400 roit-

311 1430 420 1518 tendis
445 1429 538 1525 equis
563 1430 746 1526 scripsisse.
762 1428 973 1502 Pausaniam.
1022 1427 1064 1526 Id
1089 1429 1251 1525 quemodo
1276 1429 1423 1526 intelligi

207 1541 213 1554 “
311 1531 410 1606 uelim
445 1555 490 1604 ex
524 1531 577 1606 lis
609 1531 794 1628 apparebit.
854 1529 957 1608 Sorte
990 1531 1108 1628 orique
1139 1531 1297 1627 agitatori
1330 1555 1423 1604 ετοτα

311 1633 485 1708 dadonem
519 1633 718 1730 assignatam
750 1655 824 1706 esse
858 1641 892 1706 et
916 1631 1120 1708 Panssru'ae·
1138 1633 1236 1705 rerba
1260 1632 1423 1724 hdieuut,

246 1795 251 1802 .
310 1743 346 1808 et
370 1735 407 1808 in
431 1732 562 1829 Pythiis
587 1743 728 1810 testatur
751 1731 959 1832 Sophooles,
994 1758 1092 1830 quum
1117 1735 1252 1831 scripsit
1276 1735 1312 1806 in
1337 1733 1424 1808 ldie·

310 1844 384 1912 εστι
408 1861 442 1910 u.
467 1838 557 1913 709.

312 2005 316 2019 ·
412 1981 564 2069 στάντες
590 1985 628 2061 δ’
658 1983 723 2060 ὅθ’
754 1983 890 2068 αὐτοὺς
915 1985 950 2059 οἱ
974 1984 1188 2088 τεταγμένοι
1211 1985 1360 2086 βραβῆς

371 2115 375 2126 ¹
411 2083 556 2182 κλήροις
580 2089 716 2182 ἔπηλαν
739 2086 802 2160 καὶ
825 2083 1052 2182 κατέστησαν
1077 2085 1248 2188 δίφρους,

315 2189 318 2196 ’
384 2195 386 2206 ⁴
409 2195 546 2284 χαλκῆς
569 2187 661 2262 ὑπαὶ
687 2183 885 2291 σάλπιγχος
908 2181 1013 2284 ᾖξαν.

313 2339 522 2436 Onninoque
547 2340 582 2412 id
607 2365 662 2414 res
686 2341 761 2438 ipsa
785 2341 968 2438 flagitabat,
992 2365 1035 2414 ne
1058 2341 1187 2437 gratiae
1204 2352 1263 2422 eut
1280 2341 1423 2418 inuidiae

312 2445 408 2518 loeus
433 2451 536 2534 esset,
561 2443 649 2538 quod
673 2444 828 2516 sinistrae
853 2444 1014 2516 stationes
1039 2445 1134 2516 utin
1160 2443 1312 2518 breuiore
1326 2470 1423 2520 eursu

313 2545 496 2620 iaeiliorern
521 2544 698 2618 redderent
724 2545 907 2618 τίοτοήοτα.
957 2543 1000 2616 In
1013 2544 1143 2640 Pythiis
1164 2547 1329 2641 quomodo
1351 2548 1424 2620 nol-

219 2685 223 2692 ·
313 2647 417 2724 locati
440 2645 563 2721 inerint
588 2669 703 2720 enrrns
728 2647 911 2736 neseimns,
944 2646 1003 2720 sed
1032 2647 1168 2720 inretire
1195 2650 1330 2722 stetisse
1356 2651 1425 2724 reri

310 2748 422 2825 eiorih
447 2756 512 2820 est.
563 2745 738 2845 Olympiae
764 2772 862 2844 quum
887 2749 1011 2846 optima
1035 2748 1202 2822 fiderem
1216 2775 1330 2824 eorum
1349 2775 1424 2826 aera

311 2874 411 2941 asse,
444 2850 501 2945 qni
526 2849 687 2946 utrimque
719 2850 843 2947 primos
875 2849 916 2922 ab
942 2851 1060 2924 rostris
1085 2871 1235 2928 nosceres
1260 2861 1424 2943 tenuem,

313 2959 353 3026 ut
384 2952 558 3048 propiores
590 2951 622 3022 ei
653 2952 729 3026 leno
761 2952 795 3024 is
830 2975 894 3048 qno
926 2951 1158 3026 desertandum
1181 2963 1288 3044 esset,
1322 2955 1425 3028 daeile

267 3053 389 3148 laqus
416 3052 572 3126 eoniioira
596 3075 636 3126 eo
662 3053 847 3126 consultum
873 3077 947 3124 esse
971 3052 1142 3149 aequitati,
1167 3063 1205 3128 nt
1225 3055 1424 3152 quaerique

311 3153 460 3248 iniquior
483 3177 558 3226 sors
584 3153 771 3250 obtigisset,
806 3177 846 3228 eo
870 3153 902 3226 is
927 3154 1095 3226 meliorem
1120 3157 1338 3230 uenditionem
1364 3181 1426 3232 ae·
1530 3153 1531 3158 ’

313 3253 1426 3456 Zptrrpsltqomffipg'fflqpupiopwpeerxffllillvplluqulastlpffitlffi

315 3468 425 3556 antero
456 3455 510 3530 illi
541 3458 599 3553 qni
630 3467 740 3532 rostro
766 3467 877 3532 essent
901 3459 1079 3557 proximi·
1107 3459 1162 3534 Ita
1187 3484 1270 3536 sane
1292 3461 1450 3536 facilior«

100 3573 104 3586 “
197 3601 202 3622 .
314 3559 433 3635 inisset
457 3561 618 3651 nertotio‚
652 3561 948 3657 exnludereturque
978 3561 1062 3634 illud
1094 3562 1181 3659 qued
1206 3587 1308 3660 sopra
1332 3563 1426 3638 noe·
1530 3613 1531 3620 κ

180 3737 185 3760 ,
269 3657 271 3663 ’
313 3661 402 3752 baur,
426 3669 464 3735 ut
489 3661 631 3734 dubitari
654 3662 774 3758 possit,
800 3685 843 3736 an
866 3683 966 3734 unum
989 3663 1261 3738 eurdoulilutuus
1282 3665 1426 3762 quadru-
1530 3659 1531 3696 r

193 3803 200 3816 ,
316 3761 414 3858 ginta
440 3772 475 3838 et
505 3763 648 3838 foetos
676 3764 851 3859 aliqnando
884 3765 983 3838 edem
1008 3766 1122 3861 plures
1146 3765 1324 3863 quadrigas
1347 3767 1427 3838 iun·

313 3864 396 3938 utino
428 3873 597 3938 canentes
629 3867 768 3962 oeperit.
819 3865 947 3940 Verum
978 3867 1042 3940 atsi
1065 3866 1151 3941 laen
1179 3891 1240 3964 per
1265 3892 1303 3940 se
1328 3867 1426 3942 valde

316 3966 496 4062 probabilis
529 3967 708 4063 explieatio
741 3975 813 4059 est,
855 3977 983 4060 tamen,
1026 3993 1127 4065 quum
1158 3993 1263 4066 neque
1293 3978 1427 4044 ounnwt

316 4076 439 4163 quanta
463 4068 602 4140 latitudo
626 4067 835 4166 hippodromi
859 4068 978 4161 fuerit,
1011 4080 1046 4143 et
1076 4079 1212 4144 eunetoe
1238 4070 1338 4144 nnn
1363 4095 1427 4144 ex·

316 4169 461 4242 ourrisse
487 4177 600 4264 aperte
623 4169 791 4266 signifieat
814 4168 1017 4263 Pausanias,
1056 4197 1124 4246 nou
1147 4172 1276 4266 videtur
1299 4181 1427 4246 τατταττ

315 4269 516 4342 admittenda
541 4293 635 4362 esse,
668 4273 863 4369 praesertim
895 4295 993 4367 quun
1018 4273 1116 4346 etiam
1140 4275 1174 4346 in
1201 4273 1333 4370 Pythias
1357 4295 1425 4347 nna
