3076 5046
269 387 332 457 192
486 387 538 450 ΒΕ
556 383 742 451 luscum
763 385 958 448 Tumultus
969 383 1194 450 affluemus.

268 557 384 653 ligone
408 559 505 649 atque
531 550 650 626 adeo'
638 577 712 650 rpsu
739 577 812 628 eum
839 553 942 630 ohoro
966 551 1258 628 Phoenissamm
1247 575 1303 624 ιι·
1298 549 1378 626 -Οο-

268 659 393 749 lunum,
419 654 529 752 ibique
556 655 774 752 supplicem
763 679 798 726 ιιι
820 647 897 728 lueo
914 653 1046 729 Cereris
1067 664 1102 728 et
1117 654 1303 728 Mineruae
1307 653 1380 726 Po-

269 757 372 833 liuehi
407 755 563 830 aolosis
590 755 726 834 Theseo
759 757 911 832 mandata
941 757 982 829 de
1007 758 1177 854 sepultura
1201 779 1264 828 sua
1287 752 1378 828 dare.
1421 767 1426 782 ⁸

262 859 312 936 In
335 857 530 956 Appendiee
556 855 733 975 Trilpgiae
764 860 970 955 relinquntur
1001 859 1083 932 haeo
1107 858 1184 950 ita,
1209 866 1247 930 ut
1273 880 1379 952 neque

271 960 465 1038 oeelnsasl
462 981 538 1032 ores
562 955 649 1030 Oed
639 984 695 1056 rpo
721 961 848 1057 aperiat
868 961 1048 1058 Antigona,
1074 984 1179 1080 neque
1205 959 1278 1056 ipse
1303 983 1381 1031 eae·

270 1089 329 1138 eos
356 1063 411 1136 sit.
462 1061 557 1132 llaee
582 1063 689 1135 auteur
723 1071 760 1134 ut
781 1061 859 1134 lieri
884 1070 1037 1162 possent,
1075 1063 1131 1158 qui
1155 1057 1262 1134 loei
1251 1085 1287 1134 ιιι
1313 1057 1382 1133 Se·

270 1174 360 1264 ptem
384 1162 428 1235 ad
453 1161 590 1236 Thebas
622 1170 656 1234 et
681 1171 843 1236 mortuum
866 1187 942 1238 esse
968 1161 1150 1260 Oedipum
1149 1172 1193 1236 et
1217 1185 1382 1239 exeaeca-

271 1277 339 1342 tum
364 1265 472 1343 luisse
494 1272 656 1358 arguunt,
687 1265 933 1383 iuterpretuudp
960 1266 1048 1338 uersi
1080 1265 1198 1337 suut
1187 1289 1223 1336 nn
1247 1272 1383 1366 eanba-

271 1370 375 1444 nium:
413 1366 472 1440 sed
497 1367 561 1438 etsi
586 1365 692 1462 ibip.
722 1368 807 1440 154.
834 1366 966 1459 gravius
992 1367 1098 1440 notati
1123 1373 1217 1438 eraut
1243 1366 1300 1461 qul
1325 1388 1383 1436 se-

273 1495 332 1546 ous
357 1467 587 1560 statuerent,
576 1493 611 1540 nn
628 1465 776 1543 Diuruis
801 1467 1067 1542 scholasticiso.
1090 1471 1206 1548 1832.
1231 1491 1267 1563 ιι
1295 1469 1382 1542 167.

272 1596 403 1646 rursum
434 1576 469 1642 e't
501 1593 618 1644 eaeous
651 1569 778 1650 laetus
794 1577 845 1642 est
878 1567 1028 1666 Oedipus
1062 1578 1095 1644 et
1127 1580 1275 1656 mortuos
1307 1591 1383 1640 esse

85 1773 88 1780 ι
149 1731 154 1742 ,
273 1669 391 1748 dietus
442 1667 516 1744 Vix
541 1693 624 1768 opus
650 1681 702 1744 est
728 1680 764 1744 ut
790 1695 959 1764 moneam,
982 1695 1024 1744 ne
1050 1671 1142 1767 quis,
1180 1661 1268 1767 quod
1291 1670 1384 1742 nulla
1528 1721 1529 1738 .

272 1769 371 1874 plarm
395 1797 513 1848 eaussa
537 1773 617 1846 feeit
635 1769 827 1873 Sehiitnius,
853 1771 895 1846 ad
911 1772 1113 1846 Phoenissae
1133 1772 1270 1863 referat,
1296 1769 1384 1868 quod
1528 1799 1529 1826 ι

252 1876 316 1950 ad
341 1874 568 1972 eognomiu‘em
593 1868 766 1970 Euripidis
791 1875 933 1952 fabulam
959 1900 992 1947 u.
1010 1876 1098 1950 942.
1124 1873 1260 1946 trbdidit
1282 1873 1385 1948 soluo·
1410 1965 1412 1976 Ι

273 1977 409 2050 liastes.
426 2003 480 2048 οι
469 1973 798 2102 “πι(ιιλιιφ9ἕνιις
821 1981 899 2048 τῶν
924 1981 1135 2072 Σπαρτῶν,
1169 1973 1221 2058 ὥς
1243 1968 1385 2069 Αἰσχύ-

274 2084 336 2159 λος
356 2072 484 2174 φησίν,
508 2069 801 2171 ἧσανΧθόιοος,
830 2073 1004 2166 Οὐδαῖος,
1030 2076 1217 2176 Πέλωρος,
1237 2071 1386 2228 Υπιιιή-

194 2243 197 2247 ,
273 2205 352 2276 osup
377 2175 441 2251 καὶ
456 2174 600 2272 Ἐχίων.
1528 2207 1529 2250 ι

374 2277 533 2354 ΑΙιοιιιι
518 2277 689 2374 tuiloqia
678 2303 713 2350 m
738 2277 844 2370 libro,
878 2280 934 2377 qui
958 2279 1001 2352 de
1026 2281 1078 2352 his
1104 2231 1202 2352 rebus
1227 2287 1298 2372 est,
1324 2279 1386 2352 hu·
1479 2335 1488 2353 .

274 2382 330 2456 bet
354 2367 567 2472 Eleusinios,
591 2380 756 2477 Argiuos,
782 2377 970 2478 Epigonos.
1020 2381 1075 2454 De
1100 2381 1296 2472 Eleusiniis,
1323 2405 1387 2454 ex-

275 2492 372 2580 cepto
396 2507 463 2558 unu
490 2482 578 2579 quod
603 2484 765 2579 reliquum
791 2491 841 2556 est
867 2483 986 2576 uerbo,
1023 2477 1106 2555 nihil
1137 2483 1226 2556 aliud
1258 2484 1299 2554 ab
1325 2493 1387 2555 an-

275 2585 376 2682 tiquis
402 2594 586 2682 acceptum
598 2585 774 2676 habemus,
811 2609 907 2681 quam
933 2584 1021 2682 quod
1044 2584 1244 2659 Plutarchus
1269 2584 1386 2677 refert,
1528 2597 1529 2634 r

276 2685 446 2759 Theseum
472 2711 539 2758 uon
564 2686 598 2756 vi
623 2695 656 2758 et
680 2687 813 2779 armis,
825 2687 883 2760 sed
908 2687 1075 2760 suadendo
1102 2687 1263 2784 laetisque
1287 2687 1388 2760 iudu-
1476 2772 1482 2782 x
1528 2729 1529 2756 ι

209 2823 210 2831 ¹
267 2788 333 2884 'tiis
366 2780 537 2860 effecisse
549 2795 585 2858 ut
609 2787 754 2860 Adrasto
788 2789 1003 2872 redderentur
1035 2788 1153 2868 ducum
1179 2812 1319 2886 corpora
1344 2787 1387 2860 ad

167 2963 168 2966 ,
278 2889 414 2961 Thebas
441 2912 629 2981 caesorum,
662 2865 761 2986 idque
787 2891 826 2961 ah
853 2889 989 2962 Theseo
1021 2890 1127 2961 ista
1117 2917 1151 2962 ιιι
1177 2889 1287 2962 fabula
1312 2913 1387 2962 esso

260 2991 413 3065 dietum.
464 2987 580 3087 Neque
613 3001 656 3062 ex
680 2992 817 3088 Argivis
849 3001 981 3089 praeter
1013 2991 1077 3063 duo
1111 2992 1260 3065 solitaria
1286 3017 1388 3064 uaea-

241 3157 248 3162 .
278 3090 355 3164 bula
379 3115 541 3187 unumque
567 3116 709 3184 versum,
736 3116 778 3164 ex
805 3117 870 3188 qno
895 3117 961 3164 non
981 3093 1117 3166 multum
1140 3093 1179 3164 de
1194 3101 1387 3213 argprnento

254 3192 437 3289 boognosoi
461 3202 584 3290 potest,
611 3195 677 3266 alia
702 3202 853 3291 superest
878 3196 1046 3286 momoria,
1074 3217 1169 3290 quarn
1197 3197 1269 3267 ut
1258 3221 1293 3271 ru
1317 3195 1389 3268 lra-

280 3303 412 3395 gmeuto
429 3294 523 3366 valde
544 3304 712 3392 corrupto,
740 3295 769 3367 si
793 3296 827 3367 id
854 3321 897 3367 eu
913 3295 1050 3416 Argiuis
1067 3307 1131 3388 est,
1157 3298 1279 3370 mentio
1299 3297 1389 3370 faeta

278 3397 323 3470 sit
345 3393 503 3494 Capanei.
553 3396 707 3494 Denique
733 3422 774 3470 ne
800 3423 844 3470 eu
865 3397 955 3495 Epi
937 3400 1030 3472 «roris
1057 3349 1189 3496 quidam
1212 3399 1388 3495 quidquam
1449 3425 1455 3438 ²

278 3506 442 3571 servatum
475 3505 527 3572 est
557 3507 703 3596 praeter
722 3523 818 3575 uuam
850 3525 963 3573 nouem
996 3510 1030 3573 et
1054 3525 1178 3621 paueos
1203 3523 1317 3574 versus
1343 3523 1388 3572 ex

271 3601 388 3697 aliquo
416 3601 583 3693 diverbia,
621 3601 737 3697 quibus
763 3609 831 3676 tres
856 3594 1069 3676 libationes
1058 3629 1093 3675 m
1117 3627 1224 3676 eoena
1246 3602 1389 3700 nuptiali

277 3701 383 3777 lautae
409 3703 653 3776 deseribuntur..
864 3737 871 3748 ι

158 3825 161 3833 ·
380 3802 457 3875 Non
489 3806 661 3878 diuturnae
693 3804 825 3878 fuerunt
856 3805 918 3878 hae
950 3805 1116 3902 trilogiae.
1184 3805 1272 3878 Nam
1300 3804 1412 3878 idem·

280 3903 521 3996 Welekerus
510 3932 545 3978 un
559 3904 699 3979 Diuruis
718 3907 978 3980 soholmtioisa.
998 3911 1109 3983 1832.
1131 3931 1167 4004 ιι.
1155 3912 1269 3982 .171.
1294 3909 1389 4005 puio·

146 4073 169 4091 ,,
280 4007 328 4078 ris
342 3981 488 4078 istarum
499 3999 714 4105 trilogiarum
731 4009 862 4083 tertiam
877 4008 1020 4113 fabulam
1042 4035 1108 4084 uon
1125 4011 1278 4126 pqtuisse
1290 4008 1386 4082 aliam

138 4153 145 4162 ,
281 4131 355 4181 esse
388 4131 484 4203 quam
509 4107 701 4183 Eleusinios
734 4107 832 4201 dicit,
873 4107 956 4204 quae
968 4106 1084 4184 antea
1114 4110 1220 4206 prima
1251 4109 1387 4185 alternus
1528 4197 1529 4200 ι

214 4246 216 4254 v
280 4208 436 4306 trilagiae
461 4209 587 4283 luerat.
620 4211 795 4308 Epigonos
822 4216 942 4302 autem,
970 4235 1052 4308 quae
1077 4219 1147 4284 ton
1171 4211 1263 4285 illius
1288 4213 1389 4286 trilo-

282 4312 355 4409 giae
382 4310 480 4384 tertia
505 4321 596 4404 erat,
630 4336 666 4409 p.
693 4311 780 4385 229.
805 4335 899 4410 seqq.
931 4311 1011 4384 lenit
1035 4311 1194 4409 primam,
1228 4337 1388 4422 quemque

282 4415 361 4486 olim
386 4423 536 4488 tenuerat
559 4413 719 4506 laeum,
707 4437 750 4486 ru
768 4429 842 4484 aum
864 4412 1049 4487 introduxit
1064 4411 1279 4532 ΡΙιοιιιίιιιι,
1298 4413 1399 4511 qnae'
