3084 5050
178 434 180 442 y
325 365 328 370 ¹
409 355 703 422 sumnnrnonns
724 357 964 422 omomrcnn.
1013 405 1059 446 1,
1181 357 1244 424 raa
1344 297 1354 338 ³

131 524 268 616 liastes,
305 531 339 598 et
369 481 426 597 ita
449 524 573 598 dictum
604 524 768 600 iudicatur
792 523 912 600 Istbm·
936 523 1009 598 111.
1034 527 1097 602 90.
1130 551 1242 618 ¹rernm

129 649 238 722 neque
262 626 355 700 illum
380 627 488 700 locum
515 636 606 700 recte
631 653 668 699 se
694 628 813 700 babere
840 627 994 718 arbitror,
1020 651 1083 701 nec
1108 652 1243 726 eompa-

14 775 16 782 ·
128 729 205 802 rari.
223 736 353 825 potest,
388 753 451 825 quo
477 727 669 801 Boeckbius
688 754 773 802 usus
799 737 870 820 est,
905 729 1084 824 πιθῆσαι,
1118 731 1242 826 quoin

72 833 74 839 '
128 829 231 901 uerbo
258 831 415 902 constans
445 840 497 902 est
521 839 556 902 et
580 832 716 928 propria
742 831 896 903 credendi
922 830 1109 929 fidendiquc
1135 832 1241 904 notio.

128 930 242 1024 Quare
274 939 312 1002 ut
343 932 377 1002 in
411 931 474 1004 boc
499 931 641 1027 Pytbico
676 933 817 1005 carmine
844 931 1013 1004 defensum
1039 957 1059 1003 a
1081 957 1136 1004 me
1162 932 1242 1004 olim

16 1101 20 1112 ,
126 1027 288 1132 γνώμαν
311 1028 440 1106 πιθών
464 1042 574 1125 teneo,
600 1034 648 1105 ita
673 1035 781 1105 sentio
808 1034 905 1105 etiam
932 1033 972 1104 de
990 1034 1050 1106 illo
1065 1032 1240 1125 Isthmico,

77 1205 80 1211 ,
126 1133 391 1231 idquemetrieis
413 1159 542 1231 quoque
558 1136 740 1207 rationibus
763 1134 934 1206 adductus.
976 1133 1066 1218 Nam
1076 1161 1160 1232 qnos
1179 1137 1241 1207 ilio

125 1235 160 1307 in
186 1237 331 1308 carmine
349 1235 540 1330 Boeckbius
567 1237 808 1309 duos-ultimos
835 1237 1013 1334 epodorum
1038 1261 1153 1310 versus
1180 1261 1264 1310 eo·-¹

126 1336 201 1409 dem
234 1345 367 1434 practer
389 1339 495 1409 'unam
529 1339 685 1433 syllabam
718 1347 821 1411 metro
850 1339 1040 1430 constituit,
1077 1363 1135 1412 eos
1161 1363 1239 1436 ego,

124 1437 342 1511 incisionibus
359 1448 488 1530 motus,
515 1440 666 1536 singrdos
691 1464 734 1512 ex
759 1439 884 1511 duobus
902 1449 1053 1512 constare
1071 1441 1240 1513 existimo.

122 1539 181 1610 Ad
209 1564 265 1611 eas
290 1540 469 1611 incisiones
494 1549 531 1611 ut
556 1541 661 1636 magis
689 1564 784 1636 quam
810 1540 916 1611 adbuc
940 1540 1062 1612 iactum
1088 1550 1159 1612 erat
1185 1549 1239 1613 at-

122 1641 315 1733 tenderem,
355 1640 440 1712 iilud
473 1664 523 1711 me
551 1641 693 1741 monuit
732 1641 838 1737 quod,
877 1651 975 1757 quom
1001 1641 1239 1714 observataea

121 1741 274 1824 Pindaro
301 1743 368 1814 sint
391 1741 668 1832 constantissime,
695 1742 801 1813 sicubi
825 1744 938 1813 laesae
957 1741 1177 1833 inveniuntur,
1203 1743 1239 1814 id

121 1844 196 1916 iere
222 1851 412 1916 metrorum
425 1843 680 1933 correctoribus,
709 1843 824 1940 quibus
850 1842 1018 1915 modorum
1040 1844 1239 1916 musicorum
1341 1909 1345 1922 ,

121 1946 211 2018 ratio
244 1937 359 2043 ignota
391 1953 481 2035 erat,
522 1945 727 2016 tribuendum
761 1945 922 2017 rideatur.
987 1943 1046 2026 Ex
1077 1943 1237 2017 Isthmico

14 2091 15 2096 κ
122 2045 255 2143 quidem
281 2049 341 2119 illo
368 2049 511 2120 carmine
536 2070 654 2143 ponam
675 2047 796 2144 prioris
813 2048 952 2120 istorum
970 2071 1052 2144 qnos
1073 2046 1143 2118 dixi
1162 2071 1238 2118 rer-

122 2173 218 2220 auum
244 2150 396 2247 exempla
421 2174 464 2221 ex
491 2156 645 2245 quattuor
671 2149 823 2244 epodis
812 2175 848 2220 ιιι
866 2149 949 2224 dnos
966 2172 1081 2221 uersus
1099 2148 1236 2241 diuisos,

122 2274 234 2348 aqua
259 2251 334 2348 loge
361 2275 426 2322 una
451 2259 575 2322 tantum
602 2249 727 2346 epodus
754 2250 914 2322 discedit:

214 2428 260 2476 rc.
296 2430 359 2475 και
346 2396 553 2496 ματρόθε
578 2397 861 2495 Λαβδακίδαισι

163 2549 167 2556 ·
299 2500 479 2594 συννομοι
489 2496 652 2573 πλουτου
662 2497 862 2592 διεστιιχον
871 2525 1235 2596 τειραοριανπονοις

223 2604 263 2700 β.
298 2607 449 2726 τραχεῖα
474 2599 783 2725 commansionem
841 2609 842 2612 ’

299 2698 490 2791 τεσσάρων
511 2698 700 2796 ἀνδρῶν
684 2694 873 2794 sodomam!
886 2691 1080 2795 μάκαιραν
1098 2693 1234 2771 ἑστίαν.
1343 2773 1361 2793 ,s

223 2832 259 2906 y.
295 2803 430 2900 εσφαλι
454 2802 564 2898 τέχνα
589 2796 884 2896 καταμάρψαισῗ

298 2909 376 2978 ’ἴστε
400 2902 495 3001 μὰν
492 2907 665 2985 ΙΑἴαντος
690 2900 808 2976 ἀλκὰν
834 2898 1000 3000 φοινίαν,
1025 2896 1106 2978 τᾶν.

162 2993 261 3103 id.
296 3005 407 3083 νίκαν
433 3002 645 3104 ἀνεφανατο
670 3002 819 3078 παίδων
886 3041 889 3050 ’
1291 3087 1294 3091 ,

296 3136 336 3182 τε
349 3095 1256 3208 νρίτανιιρόσθενκνβερνατῆροςοἰακοστρόφου

120 3260 162 3335 In
187 3263 301 3346 borum
328 3270 516 3358 postremo,
550 3261 606 3356 qni
632 3260 681 3332 sic
706 3284 749 3330 ex
775 3283 847 3330 mea
874 3254 1098 3330 emendatione
1125 3253 1232 3326 editus

122 3372 185 3456 est,
222 3365 251 3436 si
278 3365 331 3435 cui
356 3391 394 3434 τε
420 3363 454 3433 in
480 3361 643 3458 principio
670 3361 813 3458 positum
840 3359 1013 3454 displicet,
1048 3356 1233 3428 meminerit
1321 3407 1325 3430 ι

121 3466 155 3557 in
181 3459 308 3537 duobus
333 3459 431 3537 codd.
459 3463 610 3535 omissam
638 3485 711 3532 esse
738 3473 808 3541 eam
836 3458 1040 3549 voculam,
1030 3483 1062 3527 m
1090 3457 1230 3530 caeteris

121 3576 229 3640 autem
255 3592 335 3663 pro
330 3590 381 3638 ea
405 3561 474 3660 τὴν
493 3564 575 3660 legi.
615 3561 763 3634 Videtur
773 3559 939 3632 Pandarus
956 3555 1020 3631 καὶ
1035 3581 1209 3655 seupsrsse
1218 3559 1255 3631 7

121 3669 218 3741 aliter
243 3669 329 3740 enirn
362 3692 427 3738 nou
461 3664 664 3737 dubitassent
695 3670 823 3734 veteres
857 3661 1081 3758 grammatici,
1121 3669 1245 3733 utrum

20 3823 23 3836 .
120 3793 216 3844 unam
240 3769 327 3840 inter
351 3792 472 3866 pueros
498 3791 547 3838 an
566 3765 646 3838 duas
663 3763 824 3836 Melissus
849 3763 986 3859 adeptus
1011 3769 1099 3836 esset
1122 3763 1230 3834 victo·

120 3872 199 3945 rias.
250 3870 314 3942 His
340 3870 454 3942 metris
480 3893 558 3941 vero
584 3875 764 3995 repugnat,
799 3864 931 3962 quod
918 3889 953 3936 ιιι
980 3871 1095 3961 quarta
1120 3863 1229 3962 epodo

120 3971 260 4072 legitur:

223 4121 398 4220 Θηβᾶν’
378 4150 451 4196 arro
435 4118 671 4217 Καδμεϊᾶν
696 4146 789 4216 μορ-

139 4255 140 4258 ’
220 4224 300 4326 φὰν
323 4221 480 4326 βραχύς,
505 4221 634 4322 ψυχὰν
659 4221 697 4299 δ’
728 4211 1225 4418 ἄκῖἑιέτοὲνὲιὲοςπιιλαίσων
