3070 5048
271 435 273 442 ’
327 399 395 470 2&
642 403 692 465 llll
712 399 903 466 neonums
923 401 974 462 ltu
995 399 1125 464 lllANA.

327 580 436 646 tomen
462 563 519 649 riu
544 567 701 650 credibile
724 576 790 660 est,
818 568 874 666 qui
898 567 996 642 lunae
1025 565 1265 642 vicissitudines
1290 566 1344 640 lois
1360 565 1445 640 deo·

326 698 400 746 ruru
424 672 609 746 nominibus
635 671 907 768 descripsissem,
937 671 1061 744 nullum
1086 668 1168 742 solis
1192 670 1355 748 rationem
1380 669 1444 741 loo-

303 762 452 848 'bnisse
501 771 607 846 Immo
632 773 735 849 molto
760 782 814 846 est
838 773 908 846 veri
933 771 1075 844 similius
1107 771 1171 842 duo
1197 770 1259 843 illo
1283 771 1442 844 eoelestia

325 877 450 949 lumino
475 874 623 970 geminos
648 874 779 946 habitos
805 862 892 965 dese,
918 883 953 946 et
978 873 1108 972 quidem
1122 879 1160 943 ut
1173 872 1326 963 alterum,
1352 873 1443 970 quod

210 1009 216 1020 ¹
327 976 531 1076 splendidius
557 984 672 1067 esset,
698 974 822 1067 irater,
856 978 1015 1067 alterum,
1049 975 1142 1048 euius
1167 971 1357 1071 languidior
1380 975 1443 1049 lux

327 1087 435 1171 esset,
470 1101 566 1150 soror
590 1085 778 1150 sonaretur.
794 1083 832 1172 *l
883 1075 1094 1172 Omninoque
1128 1074 1159 1147 si
1183 1073 1315 1172 integro
1342 1083 1441 1172 atque

326 1178 666 1278 incorruptoiudioio
691 1179 727 1252 in
752 1180 868 1252 Ιιοιιιιιι
894 1180 1042 1250 volumus
1069 1177 1372 1260 deorumnoturam
1388 1180 1443 1250 iu·

181 1341 185 1347 .
327 1283 470 1380 quirem,
494 1305 563 1375 nou
579 1295 744 1378 'spernere
768 1280 804 1352 id
830 1280 918 1376 quod
942 1281 1031 1353 ultro
1056 1303 1093 1352 se
1120 1277 1230 1371 ollert,
1256 1279 1314 1352 sed
1340 1303 1442 1352 soon-

326 1393 398 1456 rote
422 1382 633 1456 considerare
659 1391 804 1479 oportet,
830 1407 892 1454 ueo
916 1381 1086 1479 proticisci
1108 1379 1147 1452 ab
1163 1380 1317 1478 opinione
1331 1382 1440 1452 auimo

188 1486 190 1497 ¹
327 1495 450 1558 temere
474 1484 600 1576 inixa,
633 1492 690 1574 ut,
727 1483 804 1580 quie
829 1484 976 1580 ignotam
1001 1481 1105 1555 fuisse
1130 1481 1272 1578 antiquis
1299 1482 1382 1554 solis
1408 1491 1441 1556 et

163 1667 165 1674 y
204 1624 207 1633 ·
301 1575 424 1662 tilmoo
449 1610 524 1658 oum
548 1585 707 1682 Apolline
734 1599 768 1657 et
791 1584 907 1656 Diana
930 1585 1159 1682 ongnotionem
1184 1585 1373 1676 rideamus,
1399 1607 1464 1656 uo·

326 1713 401 1762 esse
433 1687 564 1786 quidem
589 1689 691 1760 ullam
722 1687 954 1783 cognationem
978 1685 1216 1758 existimemus.
1267 1684 1344 1758 Non
1371 1710 1439 1760 ιιιο·

327 1792 380 1888 gis
407 1789 596 1864 conturbari
621 1788 809 1864 debebimus
834 1813 889 1881 eo,
916 1787 1003 1885 quod
1029 1785 1201 1883 utriusque
1224 1787 1342 1860 horum
1361 1787 1439 1860 den-

326 1917 397 1964 rum
424 1892 533 1962 munia
559 1890 783 1965 diversissima
808 1898 842 1963 ot
867 1891 925 1962 rix
949 1890 1098 1963 intereo
1124 1887 1347 1962 eouoiliobilia
1366 1914 1439 1962 esso

265 2061 271 2070 ,
327 1992 620 2088 deprehendimus,
656 2015 755 2086 quum
780 1990 906 2087 Apollo
936 1991 1024 2063 idem
1053 1999 1087 2064 et
1110 1989 1261 2087 perditor
1284 2000 1320 2063 et
1345 2015 1441 2066 aver·

325 2115 446 2198 spuens
469 2093 630 2164 malorum
657 2100 690 2163 et
715 2115 850 2187 praeses
866 2093 1011 2164 musicae
1030 2100 1064 2164 et
1077 2091 1304 2184 fatidicussit,
1330 2093 1439 2164 Diana

325 2200 434 2266 autern
465 2192 564 2264 simul
597 2201 632 2264 et
662 2192 813 2266 venatrix
847 2201 880 2264 et
912 2202 1035 2284 eustos
1057 2193 1257 2290 virginitatis
1282 2203 1319 2268 et
1341 2218 1440 2292 pree-

325 2293 413 2368 ieeta
437 2293 627 2390 puerperio.
680 2291 959 2390 Contemplemur
983 2295 1107 2392 potius5
1135 2317 1218 2391 quae
1244 2297 1280 2366 iu
1299 2305 1438 2392 utroquo
1526 2345 1527 2352 κ

325 2395 466 2468 maxime
491 2394 593 2491 digus
617 2405 798 2468 memoratu
824 2404 918 2488 sust,
953 2397 1093 2492 siquid
1124 2397 1211 2472 sorte
1244 2398 1331 2472 lueis
1357 2400 1439 2470 ulle-

325 2504 412 2590 rant,
439 2519 505 2569 non
530 2497 758 2593 sollicitique
784 2497 885 2570 simus
911 2499 1113 2595 peruenturi.
1213 2525 1221 2542 ‘

425 2599 478 2672 An
507 2599 615 2696 primo
648 2599 678 2671 si
710 2601 854 2696 speeiem
889 2609 925 2671 et
955 2599 1093 2672 sormam
1127 2600 1243 2672 horum
1274 2599 1438 2674 iutuemur

325 2691 473 2792 ᾶοοιιιιιι,
500 2701 594 2772 ιιιιιΙιο
620 2701 777 2776 florentes
801 2702 876 2799 ipso
902 2701 1021 2776 robore
1046 2701 1225 2774 iuuentutis
1250 2701 1435 2800 linguntur:

326 2803 413 2898 quod
439 2802 502 2873 etsi
527 2821 600 2874 uon
618 2826 684 2876 uuo
711 2802 806 2875 modo
833 2804 1044 2900 interpretari
1069 2805 1168 2895 lieet,
1195 2811 1303 2876 tamon
1329 2805 1437 2878 faten-

325 2904 401 2975 dum
433 2911 485 2975 est
518 2901 617 2976 etiam
642 2904 677 2975 io
702 2905 785 2976 solis
817 2903 991 3002 luueeqoe'
1005 2913 1154 2978 naturam
1169 2906 1320 2997 eadere,
1355 2929 1435 3003 quae
1488 2961 1491 2969 ·

324 3005 410 3078 senii
435 3028 556 3101 expers
581 3015 743 3102 perpetuo
761 3029 855 3078 suurn
871 3015 981 3078 servat
998 3007 1157 3103 vigorem.
1207 3006 1322 3102 Magis
1338 3009 1436 3080 etiam

323 3106 358 3177 iu
391 3106 467 3185 isto¹
481 3107 565 3178 caeli
591 3107 687 3202 signe
712 3108 884 3198 convenit,
922 3106 1008 3202 qood
1044 3117 1078 3180 et
1101 3108 1227 3204 Apollo
1260 3119 1295 3181 et
1324 3107 1437 3182 Dione

325 3230 437 3290 ornum
461 3213 495 3279 et
520 3208 660 3305 sagittas
685 3215 816 3301 gerunt,
841 3231 947 3305 neque
973 3208 1071 3280 alind»
1089 3233 1193 3304 genus
1215 3233 1379 3282 armorum
1393 3210 1435 3282 iis
1523 3223 1524 3226 ’

324 3316 377 3382 est
398 3309 601 3382 attributum.
646 3303 894 3398 -Κλυτὸτοξον,
914 3305 1157 3404 χρυσότοξον,
1184 3306 1435 3412 ἀργυρότοξον

324 3419 442 3507 poetae
468 3415 588 3483 iooaut
610 3409 834 3508 Apollinem„
853 3412 996 3484 Dianam
1022 3421 1129 3484 autem
1153 3412 1343 3510 ἰοχέαιραν
1348 3470 1362 3503 ,
1399 3421 1435 3486 ut

324 3513 390 3584 ulia
421 3537 508 3584 uuue
538 3512 670 3584 uomina
700 3521 905 3609 praeteream
926 3513 1053 3586 eodem
1083 3523 1236 3610 spectare
1270 3515 1360 3608 risa,
1393 3515 1434 3588 de

324 3615 441 3709 quibus
462 3612 553 3688 tono
578 3613 717 3686 dieetur.
769 3612 920 3713 Sagittae
945 3623 1073 3706 autem,
1100 3615 1166 3690 uisi
1191 3641 1291 3708 vere,
1318 3619 1434 3690 soltern

95 3695 97 3703 ¹
196 3691 225 3764 ⁸,
323 3739 389 3786 uon
412 3717 545 3812 inepte,
578 3716 674 3786 multi
706 3716 817 3790 radios
848 3717 1111 3814 interpretandas
1143 3718 1320 3814 putarunte
1358 3720 1433 3816 quin

175 3895 183 3906 ,
324 3816 411 3912 quod
435 3817 559 3914 Apollo
584 3817 701 3908 lienus,
732 3818 903 3909 intonsus,
929 3819 1114 3890 aurieomus
1138 3828 1209 3911 est,
1236 3843 1302 3895 non
1329 3822 1433 3894 miuus
1521 3817 1522 3820 '

324 3919 491 3989 commode
517 3917 560 3989 ed
584 3917 765 3992 radiantem
796 3920 960 4016 fulgorem
991 3919 1110 3992 relerri
1136 3929 1242 4018 patet.
1293 3921 1434 3997 Aenedit

407 4184 438 4270 ⁶)
466 4188 561 4248 Peneis
583 4189 729 4250 describunt
755 4196 831 4268 eaput
851 4165 982 4268 Apollinis
1007 4212 1065 4254 com
1080 4183 1232 4253 ¹exorientis
1257 4194 1324 4252 solis
1344 4193 1434 4272 effigie

324 4277 495 4345 coniunctum,
525 4281 599 4350 atque
620 4279 647 4333 iu
668 4275 777 4334 adversa
796 4282 868 4352 parte
888 4275 975 4334 lunam
997 4287 1073 4354 atque
1094 4279 1159 4350 alia,
1185 4283 1212 4338 iu
1235 4287 1331 4336 cratero
1350 4298 1435 4356 nuper

322 4366 571 4508 pvegtpvgppiesss
585 4359 700 4419 Notitiae
721 4360 834 4419 adiectae
846 4358 955 4419 Ilioruis
972 4363 1105 4420 litterariis
1121 4363 1281 4424 Haleusitus
1299 4381 1324 4422 a.
1338 4359 1433 4423 1837.
