3070 5048
74 433 78 446 “
154 539 158 544 .
303 447 369 520 ela
619 451 668 513 uu
689 447 880 514 nuauumn
899 447 950 510 sn
971 449 1101 511 nnuma.

303 626 372 714 est,
393 616 491 692 istam
516 641 538 690 a
563 611 706 692 Guueais
731 639 806 692 essa
830 617 1085 716 appellationem
1099 614 1311 713 impertitam.
1350 616 1422 690 At·

302 744 367 818 que
392 721 475 794 luaea
499 717 650 817 Ephesia
682 720 813 816 quidem
838 726 953 817 aperte
978 743 1043 792 unu
1069 715 1204 792 Graeca
1229 726 1300 791 asta
1336 741 1419 792 eae-

302 821 385 896 teris
409 821 474 896 hue
498 819 629 894 videtur
652 845 822 894 eammune
843 843 932 915 essa,
958 820 1045 918 quad
1065 819 1235 917 capiendis
1254 819 1337 894 feria
1363 821 1418 894 uel

301 923 467 1023 piseibus,
493 921 703 1020 tutandisque
728 921 833 1015 lueis,
869 923 905 995 iu
930 923 1047 1020 quibas
1071 918 1138 994 ista
1162 922 1315 994 animalia
1343 943 1419 994 aau-

302 1033 474 1116 eareutur,
509 1024 699 1122 praefectae
724 1025 940 1122 putabantur,
967 1047 1071 1120 eaque
1096 1045 1216 1098 eaussa
1237 1015 1417 1098 ueuatrieiu

301 1127 416 1200 habitu
440 1127 661 1221 tingebantur,
688 1148 708 1199 a
733 1151 798 1223 qua
824 1147 900 1204 uara
921 1126 1118 1198 declinatum
1135 1132 1199 1198 aet.
1248 1123 1304 1198 Ita
1316 1123 1419 1198 Stra·
1512 1169 1516 1192 .

301 1227 390 1304 leui*
404 1226 513 1301 VIII.
545 1253 581 1325 p.
607 1230 696 1302 343.
729 1234 907 1300 memorata
940 1235 992 1300 est
1023 1227 1114 1323 piata
1131 1225 1298 1322 ’Ἄρτεμις
1322 1226 1418 1303 ἅνω

277 1367 278 1374 1
302 1330 486 1430 φερομένη
512 1327 570 1402 ἐπὶ
594 1324 758 1430 γρυπίς.Ὶ
797 1327 846 1402 Et
861 1328 1044 1402 Pausanias
1071 1349 1180 1400 aueum
1195 1325 1331 1425 Cypseli
1357 1327 1418 1402 de·

259 1463 260 1472 ¹
301 1433 449 1505 saribeus
475 1427 523 1502 V.
546 1433 606 1524 19,
634 1432 671 1505 5.
695 1430 863 1528 ’Ἀρτεμις
886 1427 929 1504 dd
955 1429 1024 1504 οὐκ
1048 1427 1135 1504 οῖδα
1160 1429 1221 1528 ἐφ’
1252 1427 1327 1528 ὅτῳ
1353 1425 1418 1504 ld-

300 1557 357 1636 γρι
383 1532 565 1634 πτέρυγας
589 1527 725 1628 ἔχουσαί
750 1535 852 1608 ἔστιν
877 1529 936 1606 ἐπὶ
950 1537 1030 1607 τῶν
1047 1531 1176 1624 α’ίριαν,
1201 1527 1264 1605 καί
1281 1539 1327 1628 τῇ
1347 1529 1417 1628 μὲν

301 1633 404 1732 δεξιᾷ
438 1633 579 1729 κατέχει
619 1629 824 1732 πάρδαλιν,
863 1641 916 1730 τῇ,
949 1631 991 1707 dd
1030 1631 1135 1730 έτέρηι
1168 1639 1248 1708 τῶν
1278 1641 1418 1730 χειρῶν

302 1735 443 1812 λέοντα.
494 1736 588 1809 ΙιΙοιο
613 1735 702 1808 VII.
727 1740 791 1829 41,
818 1738 856 1812 6.
882 1737 923 1808 da
947 1734 1149 1830 Eurynome,
1176 1757 1271 1831 quam
1299 1737 1416 1834 uulgus

254 1829 459 1929 lanienam,
486 1838 652 1912 doctiores
670 1836 874 1912 anauiuam
900 1859 975 1910 esua
999 1837 1200 1933 putaverint,
1227 1835 1327 1934 quain
1348 1847 1417 1911 sta·

302 1949 391 2014 tuam
416 1941 488 2011 eius
514 1941 586 2036 ipse
612 1963 678 2012 nun
692 1939 841 2032 vidisset,
868 1939 1021 2035 queniam
1038 1939 1196 2034 templum
1213 1939 1316 2010 samm
1335 1965 1417 2037 quu-

304 2063 367 2137 qua
400 2061 497 2112 anua
519 2039 746 2135 aperiebatuna
780 2047 859 2114 τιῖιν
892 2031 1088 2140 Φιγαλέων
1119 2037 1161 2116 δὲ
1191 2039 1337 2134 ἥκουσα
1366 2039 1417 2126 uia

300 2144 441 2236 χρυσαῖ
463 2167 502 2212 τε
527 2136 570 2212 τὸ
596 2135 730 2223 ξόανον
745 2138 967 2216 συνδέουσιν
980 2136 1136 2223 Ιἁλύσεις
1149 2139 1212 2214 καὶ
1225 2138 1335 2215 alauda
1348 2167 1418 2244 χυ-

302 2235 430 2323 ναιιιός
452 2239 501 2313 τὰ
526 2241 613 2338 ἄχρι
638 2249 716 2315 τῶν
740 2249 924 2344 γλουτῶν,
946 2239 994 2314 τὸ
1018 2241 1092 2316 ἀπὸ
1109 2237 1244 2318 τούτου
1259 2241 1305 2318 (λέ
1318 2245 1419 2320 ἐστιν

230 2347 234 2356 “
302 2337 433 2436 lxdie·
463 2337 632 2443 θύγατρι
662 2339 733 2437 μὲν
766 2341 813 2442 δὴ
837 2343 1021 2418 Ὠκεανοῦ
1052 2341 1116 2418 καὶ
1148 2347 1190 2420 ἐν
1212 2345 1330 2442 βυθῷ
1354 2353 1419 2442 τῆς

303 2439 497 2540 θαλάσσης
514 2517 515 2528 ,
531 2443 626 2539 ὁμοῦ
664 2443 785 2519 Odanda
817 2441 968 2542 ολκοιίση
1000 2451 1195 2543 παρέχοιτο
1231 2446 1281 2520 da
1314 2475 1352 2520 τι
1383 2445 1419 2533 λς

302 2541 499 2648 γνώρισμα
523 2545 639 2642 αὐτῆς
664 2545 684 2620 ὁ
709 2543 831 2642 ἰχθύς·
851 2544 1037 2642 Ἀρτέμιδι
1063 2545 1104 2620 dd
1116 2547 1189 2622 οὐκ
1206 2547 1307 2623 ἔστιν
1321 2548 1419 2633 ὅπως

304 2645 354 2722 ἄν
384 2643 479 2742 paca
509 2646 555 2750 γέ
575 2673 643 2724 του
675 2645 814 2732 εἰκότος
843 2645 957 2751 λόγου
983 2647 1110 2746 ’μετείη
1134 2645 1306 2725 τοιούτου
1331 2647 1419 2748 apti-

334 2775 431 2831 ατος.
1380 2807 1383 2810 -

303 2775 333 2846 μ
405 2849 503 2922 iliam
528 2850 632 2946 igitur
644 2848 800 2944 Dianam,
828 2875 911 2948 quaa
930 2872 1028 2924 satur
1043 2837 1209 2948 Apollinis
1229 2860 1294 2945 est,
1322 2845 1419 2951 quum

306 2952 644 3050 uulgatissimexl'ama
675 2961 710 3025 et
741 2953 847 3052 ipsam
879 2954 913 3024 in
938 2949 1026 3048 Delo
1051 2953 1162 3024 insula
1185 2962 1295 3026 natam
1320 2957 1418 3048 lauat,

305 3045 438 3132 inerunt
469 3063 577 3127 tamen
610 3054 667 3149 qui
692 3055 724 3125 ai
749 3055 858 3126 natale
884 3055 989 3128 sulum
1015 3054 1198 3127 tuiluuanant
1223 3054 1418 3154 Ortygiama

307 3155 394 3251 quud
419 3177 536 3226 numan
562 3178 659 3250 quum
686 3156 907 3252 compluribus
933 3155 1017 3228 lueis
1044 3179 1213 3230 commuue
1238 3159 1293 3250 sit,
1319 3157 1419 3232 ualde

306 3257 486 3328 dubitatum
513 3264 583 3347 est,
618 3280 701 3353 quae
726 3257 933 3353 potissimum
957 3257 1174 3353 intelligenda
1199 3270 1288 3333 esset
1312 3257 1420 3357 Orty-

306 3358 375 3454 gia.
426 3354 573 3449 Omnes,
610 3357 683 3430 sad.
700 3381 766 3430 nau
792 3359 1003 3450 nominatim,
1041 3359 1362 3456 comprehenduntur
1385 3364 1419 3435 in

305 3457 465 3531 Nicandri
489 3460 673 3555 fragmenta
699 3461 785 3556 apud
811 3460 1023 3532 scholiastam
1039 3459 1212 3557 Apollonii
1226 3463 1354 3536 Rhodii
1378 3463 1420 3536 ud

305 3559 339 3632 Ι.
363 3561 452 3635 419.
504 3560 645 3633 Turbati
674 3561 792 3633 scholii
818 3562 900 3634 haee
928 3561 1026 3633 verba
1051 3557 1225 3636 habemus:
1260 3564 1421 3662 περὶτῆς

300 3658 497 3762 Ὀρτυγίας
538 3657 750 3745 Φανόδικος
790 3665 831 3750 ἐν
868 3667 949 3746 τοῖς.
977 3665 1171 3758 Δηλιακοῖς
1209 3663 1419 3763 ἱστόρηκεν·

267 3794 270 3804 “
307 3761 371 3836 καὶ
398 3759 606 3859 Νίκανδρος
632 3765 673 3838 ἐν
698 3761 803 3861 τρίτη
828 3769 1051 3845 Αἰτωλικῶν,
1078 3767 1117 3839 ἐκ
1142 3773 1204 3862 τῆς
1231 3767 1272 3842 ἐν
1298 3773 1422 3842 Alum-

309 3862 370 3960 λίηι
387 3863 586 3966 Ὀρτυγίας
611 3863 702 3962 φησὶ
726 3865 795 3961 τὴν
812 3872 934 3962 Δῆλον
960 3865 1235 3962 ὀνομασθῆναι,
1259 3867 1423 3970 γροίφοον

279 3964 443 4049 ὀὕτως’
466 3968 514 4039 ὀἳ
539 3965 575 4040 d’
606 3970 644 4052 ἐξ
670 3963 865 4066 Ὀρτυγίης
894 3966 1085 4063 Τιτηνίδος
1110 3966 1353 4065 ὁρμηθέντες·
1388 3971 1424 4045 οἳ

310 4064 381 4165 μὲν
410 4061 479 4162 τὴν
500 4067 674 4164 Ἔφεσον·
709 4068 744 4141 οἳ
769 4065 810 4140 δὲ
835 4066 904 4166 τὴν
935 4065 1115 4168 πρότερον
1140 4077 1263 4168 Δῆλον
1286 4079 1424 4148 καλου·

311 4167 444 4265 μένην·
488 4167 590 4241 ἄλλοι
622 4166 663 4242 dd
701 4167 770 4264 τὴν
808 4165 1041 4267 ὃμοτέρμονα
1080 4170 1253 4257 Σικελίας
1290 4181 1423 4270 νῆσον)

301 4267 406 4344 ’ὅθεν
437 4266 629 4371 Ὀρτυγίαι
660 4277 779 4344 πᾶσαι
816 4271 1014 4368 (lanarum.
1053 4274 1247 4367 'Quantum
1277 4273 1425 4373 intelligi

312 4377 436 4467 petest,
461 4369 620 4444 Nicandri
643 4372 744 4444 uerba
768 4374 851 4446 haee
874 4371 1025 4447 luerunt:
1256 4397 1257 4408 ¹
