3084 5050
416 339 712 402 uuuuuuuteuus
733 341 969 406 emunuuutu
1187 345 1249 414 185

130 497 298 578 decidisse
323 504 453 578 videtur
482 506 626 578 etius
615 532 650 578 m
678 507 786 582 verbis
812 532 895 604 quse
917 516 1112 629 sequuntur.
1162 510 1247 586 Nem

127 606 259 698 qued
247 606 401 678 inlibris
427 614 479 680 est
504 604 745 704 πολυβοάλο),
780 611 873 705 quasi
898 611 928 681 si
954 611 1118 706 genitivus
1144 626 1247 706 esset,

126 705 169 778 ds
205 731 272 824 quo
306 687 465 782 uunabndn
498 710 582 784 nihil
615 711 787 810 adnotavit
809 711 1027 803 scholiastes,
1060 715 1175 788 nescio
1201 739 1245 788 an

106 807 161 878 ‚id
195 809 243 880 sit
269 833 312 883 ex
337 805 597 905 notumve*
567 839 600 886 ιο
623 801 761 904 τουτο),
798 813 965 910 adscripto
998 815 1037 886 ab
1063 815 1243 912 interprete

124 908 192 982 istc
228 938 272 984 ο).
331 908 508 1008 Sententia
540 914 672 1009 pariter
697 939 737 986 ac
766 924 887 989 metra
903 915 1028 1012 uptims
1059 918 1243 1014 precedunt
1312 993 1316 1004 ,
1356 988 1361 999 ,

126 1011 239 1084 verbis
266 1011 308 1084 ad
333 1013 420 1086 hunc
444 1013 574 1088 modum
600 1016 779 1087 οοιιοοιίο)

668 1167 946 1295 κυβερνατῆρος
971 1161 1265 1268 οὶακοστρόφουθ

229 1257 365 1362 ynuipqc
388 1262 558 1394 πίσυνος
586 1263 787 1368 notdssovt³
986 1293 1002 1330 ⁸

222 1364 369 1466 Ὀρσέα,
397 1365 469 1442 οὐν
495 1367 553 1446 σοὶ
576 1365 624 1448 δέ
644 1399 705 1446 νιν
729 1365 948 1465 κωμάξομαι
969 1367 1133 1496 τερπνὰν
1147 1368 1240 1445 ἄπο-

784 1466 932 1560 στάζων
951 1467 1078 1571 χάρινζ
1131 1524 1133 1534 ,

118 1616 292 1792 lFustturqm
308 1613 527 1714 κωμάξομαι
542 1621 673 1694 cunina
689 1621 924 1718 reponendum,
945 1621 1122 1718 habuitque
1139 1623 1239 1696 seluo·

133 1743 168 1790 ua
206 1743 242 1791 es

226 1836 343 1912 Redeo
370 1835 411 1908 ad
436 1835 611 1932 Pythicum
638 1861 781 1912 carmen.
832 1837 939 1913 Recte
964 1837 1123 1912 iudicarit
1146 1839 1238 1914 Boe-

120 1937 244 2015 ckhius
269 1951 335 2014 ndu
361 1938 527 2012 ferendam
552 1963 627 2012 esse
651 1941 772 2037 longae
798 1929 1031 2016 sdlutiuuem
1020 1966 1056 2014 m
1073 1942 1125 2013 his
1150 1968 1184 2014 ι.
1198 1943 1236 2018 5

225 2085 352 2166 n'‘dun
331 2119 439 2186 εχοντ
438 2088 627 2190 ’ἀνδρων
644 2089 767 2192 φίλον,
793 2089 934 2178 oinct*
908 2118 964 2166 ων
980 2091 1125 2192 θρέψιν
1138 2093 1235 2170 ποτέ
1263 2106 1266 2116 “

120 2242 181 2315 sed
207 2247 304 2317 νοῦν
326 2244 500 2339 scripsisse
522 2241 702 2316 Pindarum
728 2269 795 2318 neu
820 2245 961 2318 credam.
1013 2244 1081 2318 Hie
1078 2254 1234 2372 queque

104 2345 304 2445 explicatio
333 2368 440 2419 veram
462 2367 576 2424 nucem
598 2345 729 2416 videtur
753 2347 942 2464 expulisse·
969 2346 1089 2444 γνῶμ
1109 2343 1230 2440 ἔχοντ

120 2434 277 2544 ἀνδρῶν
302 2443 423 2555 φίλον.
474 2444 515 2515 ld
542 2445 670 2539 quidem
697 2449 767 2517 ueri
792 2447 931 2517 similius
957 2447 1106 2536 ridetur,
1139 2471 1233 2543 quam

116 2557 156 2626 ut
181 2573 246 2646 pre
270 2544 393 2642 νόημα
411 2539 581 2616 Pindarus
607 2543 725 2616 Ionum
748 2569 837 2618 mere
856 2552 967 2626 νῶμα
983 2547 1166 2640 scripserit,
1194 2548 1233 2618 de

118 2674 186 2744 qua
212 2648 318 2720 surina
344 2647 429 2716 dixit
454 2645 626 2717 Bentleius
653 2646 694 2715 ad
721 2643 902 2720 Callimh.
928 2643 1002 2716 Iuv
1029 2647 1091 2724 87

223 2781 443 2854 Memorabile
469 2787 540 2871 est,
581 2780 669 2876 quud
701 2779 812 2854 statim
837 2779 1004 2875 sequitur,
1040 2751 1133 2853 laesa
1157 2781 1233 2877 lege

117 2883 259 2957 metri
248 2909 284 2954 ιιι
317 2883 464 2958 omuibus
497 2882 591 2955 libris
624 2883 784 2978 seriptum
817 2878 1005 2963 νωδυνίας
1029 2880 1231 2982 γυιαρκέος.
1361 2881 1365 2887 ’

117 2984 159 3060 Id
199 2986 265 3058 etsi
304 3008 323 3056 a
359 2984 484 3058 mincis
516 2984 674 3059 facillima
705 2983 977 3060 emendatione
966 3010 1001 3058 nu
1039 2981 1234 3060 nwdvnccin
1289 3051 1292 3066 ,

117 3085 326 3206 yntupndcnn
350 3094 507 3160 mutatum
534 3095 603 3178 cst,
630 3094 759 3177 tamen,
787 3087 817 3158 si
844 3085 921 3203 quid
946 3087 1152 3160 tribuendum
1179 3095 1231 3160 est
1298 3109 1311 3126 ⁸

116 3190 213 3260 illi
202 3215 238 3265 lu
264 3189 475 3262 adservandis
502 3139 723 3264 ‘incisionibus
749 3188 971 3279 constantiae,
1010 3189 1106 3262 cuius
1130 3189 1228 3273 mede
1303 3273 1310 3290 ι
1355 3228 1359 3238 =

21 3307 26 3318 ·
116 3291 151 3362 in
175 3291 276 3364 tertie
303 3291 446 3364 carmine
472 3288 629 3362 Isthmius
655 3291 808 3384 exempla
833 3290 934 3360 allata
960 3298 1055 3380 sunt,
1086 3291 1229 3365 afferen-

117 3403 234 3489 turque
260 3391 347 3464 inira
372 3391 438 3466 alia
463 3390 596 3466 etiam
585 3390 781 3486 insigniora,
816 3414 881 3462 nen
908 3398 1030 3462 temere
1056 3389 1096 3463 ab
1121 3392 1228 3469 ditru-

116 3517 186 3568 rum
221 3493 403 3590 scriptura
417 3490 632 3564 recedendum
668 3490 809 3562 ridetm
875 3490 964 3582 Quid
995 3491 1120 3584 dicam,
1152 3493 1227 3590 ipsa

117 3596 311 3670 nnusunbit
336 3592 538 3690 comparatio
565 3617 729 3667 versuum.
780 3589 868 3664 Sunt
893 3599 1000 3667 autem
1023 3593 1079 3664 ui.
1186 3673 1190 3690 .

165 3775 202 3821 α.
238 3744 392 3820 τέκτονα
405 3739 633 3826 νωδυνίας“
608 3767 748 3840 οιμερον
761 3745 953 3843 γυιαρκέος
973 3740 1008 3872 i
999 3741 1222 3873 Ασκληπιόν.

241 3844 641 3945 άμπλακίαισιφρονῶν
654 3845 925 3942 άλλοναῖνησεν
934 3841 1057 3974 γάμον
1079 3844 1085 3947 Ι
1106 3842 1250 3950 κράβ-

765 3943 839 4021 dan
863 3941 1031 4074 πατρός

163 4051 202 4148 β.
238 4045 365 4144 πάντα
385 4051 509 4124 ἴσαντι
532 4055 627 4148 νόῳ·
652 4047 831 4174 ψευδέων
846 4046 952 4122 δ”
913 4076 981 4176 ovy
1006 4045 1167 4122 ἅπτεται·
1190 4047 1197 4152 Ι

694 4187 697 4194 ·
766 4148 905 4224 κλέπτε)
928 4149 971 4224 τέ
992 4175 1063 4226 νιν.

239 4253 393 4328 πολλοὶ
377 4260 551 4353 επαῦρον,
577 4252 656 4350 ἅμα
638 4251 708 4328 d'
727 4255 905 4358 ἔφθαρεν·
921 4249 1163 4326 notttndt'
1142 4277 1218 4349 opst

787 4355 793 4452 Ι
821 4383 896 4449 πυρ
922 4354 998 4437 ἐξ
981 4348 1072 4435 ενός.
1253 4367 1284 4386 ’“
