3084 5050
381 445 676 512 EMENDATIONES
695 451 933 514 PlNDAlthAE.
1150 449 1213 520 163

107 619 198 690 utute
221 613 362 712 tempori
378 615 540 690 occidisse
555 615 789 714 Eurystheum,
814 643 855 692 ac
874 627 944 692 tum
961 617 1090 693 domurn
1105 618 1214 716 ipsum
1347 649 1358 662 .

5 733 8 738 '
105 715 177 790 uita
200 716 355 791 mouisse.
402 717 558 816 Alioqui,
592 720 711 814 credo,
747 716 899 818 κρύφαν
923 714 1035 796 πόλιν
1060 715 1264 794 ὐίκὶεεοί.10

105 815 179 892 Sed
202 817 238 892 in
260 819 344 913 illis,
370 842 453 916 qnae
479 821 519 893 de
544 821 691 895 Hercule
717 829 750 895 et
770 822 900 922 Iphicle
925 823 1072 919 scripsit,
1098 847 1215 896 vercor

105 943 149 993 nc
171 945 239 994 uon
263 930 354 993 recte
379 930 414 994 et
437 931 566 998 veteres
587 934 622 998 ct
643 925 844 998 recentiores
861 925 944 997 baec
958 925 1068 1017 verba,
1093 920 1216 1022 Χαρί-
1348 921 1359 942 “

103 1046 184 1096 των
205 1019 431 1098 κελαδεννᾶν
455 1021 506 1121 μή
530 1053 577 1120 με
602 1024 699 1099 λίποι
719 1024 894 1124 καθαρὸν
910 1024 1057 1128 φέγγος,
1083 1050 1216 1123 apruc·
1241 1111 1245 1120 ,
1318 1045 1321 1054 ’

106 1123 296 1202 veientibus
330 1128 567 1226 separaverint.
625 1127 778 1200 Pendent
802 1151 861 1216 ea,
889 1136 935 1200 ut
966 1129 1045 1199 mibi
1073 1128 1214 1218 ridetur,

105 1248 149 1296 ex
174 1223 265 1322 εὐχᾷ
289 1227 323 1300 iu
348 1227 421 1300 his:
452 1233 549 1304 τοῖσι
573 1226 709 1305 τέλειον
734 1229 789 1303 ἐπ’
819 1229 910 1326 εὐχᾷ
934 1225 1159 1325 κωμάσομαί
1179 1255 1216 1301 τι

104 1323 256 1402 παθῶν·
269 1322 387 1434 ἐσλόν.
437 1328 523 1402 Nam
546 1340 723 1428 propterea
745 1333 935 1429 ‘gratulatur
958 1331 1113 1405 heroibus
1130 1331 1214 1420 illis,

105 1428 192 1525 qnod
222 1452 263 1500 se
293 1438 502 1524 precantem,
536 1440 574 1504 ut
606 1435 784 1507 carminum
816 1434 985 1507 materiam
1017 1434 1214 1530 praeberent
1311 1471 1318 1488 .

79 1528 324 1615 ·Telesicratis
350 1532 521 1626 victoriae,
548 1533 775 1606 exaudiverint
800 1543 944 1605 etratus
970 1533 1111 1606 facerint
1134 1557 1225 1632 prc-¹

102 1655 160 1704 ces
186 1652 276 1702 suas.
325 1630 417 1706 Hinc
442 1633 550 1705 statim
577 1643 747 1707 enumerat
766 1635 842 1705 illas
858 1635 1027 1706 victorias.
1077 1633 1119 1704 Id
1138 1659 1214 1706 vero

103 1757 203 1829 quum
234 1733 284 1808 sic
315 1732 424 1805 lacere
455 1735 594 1835 incipite
631 1734 769 1836 Αλγίνφ
800 1762 840 1808 τε
872 1730 945 1836 γοίρ
972 1759 1070 1834 φαμι
1094 1731 1215 1808 Νίσοο

101 1834 135 1906 τ’
166 1834 209 1906 ἐν
233 1828 337 1932 λόφῳ
363 1833 442 1932 τρὶς
473 1832 520 1931 δὴ
553 1831 661 1911 πόλιν
693 1833 801 1912 τοίνόυ
814 1871 815 1878 “
829 1836 1025 1924 εὐκλεΐξαι,
1062 1831 1216 1938 σιγαλὸν

31 1929 61 2000 ,'
102 1931 318 2031 depauperatum
344 1929 452 2040 ίργφ
467 1933 615 2038 φογαίν,
641 1939 676 2011 in
703 1939 836 2011 diversa
862 1940 1085 2020 discesserunt
1108 1938 1216 2010 inter-

100 2046 226 2134 pretes.
277 2035 485 2120 Scholiastes
512 2064 609 2138 quum
636 2041 770 2138 scripsit
804 2039 824 2114 ὁ
850 2037 891 2114 dd
917 2034 1023 2140 λόγος
1049 2037 1216 2114 ἀπὸτοῦ

101 2134 325 2238 νικηφόρου,
359 2141 392 2230 si
419 2142 485 2214 boc
509 2142 634 2234 voluit,
667 2143 866 2237 Pindarum,
904 2141 991 2239 quod
1020 2141 1060 2212 de
1089 2142 1214 2214 victore

100 2241 353 2340 praedicandum
379 2251 463 2338 erat,
490 2244 531 2316 ad
557 2268 593 2316 se
611 2246 794 2336 rettulisse,
821 2243 953 2316 habebit
970 2243 1112 2316 sortasse
1131 2243 1214 2318 baec

102 2339 238 2414 audacia
263 2342 389 2439 figurae
423 2369 488 2440 quo
519 2347 652 2440 placere
668 2347 824 2446 'cuipiam
849 2345 970 2441 possit.
1020 2343 1212 2416 Boeoklrius
1293 2335 1298 2360 ⁸

100 2443 334 2516 nominativum
373 2445 541 2542 participii
578 2455 641 2542 pro
677 2447 863 2518 accusativo
901 2441 1061 2541 positum
1081 2444 1213 2515 delendi

99 2569 199 2642 posse
225 2545 361 2641 putabat
374 2544 514 2617 Homeri
539 2547 692 2642 exemplo
718 2547 818 2616 Iliad.
845 2545 896 2616 Π.
923 2546 1011 2618 350.
1029 2567 1123 2639 seqq.
1165 2547 1213 2614 At

98 2646 165 2720 isto
192 2646 346 2740 exemplo
371 2645 426 2717 bic
450 2647 500 2716 uti
526 2647 709 2736 nonlicet,
735 2647 770 2716 in
797 2669 860 2740 quo
883 2645 912 2716 si
930 2638 1154 2740 ἀστράπτων
1178 2651 1213 2714 et

99 2743 252 2846 φαίνων
289 2755 367 2841 post
406 2743 503 2846 φημὶ
532 2752 758 2820 κατανεῦσαι
790 2742 987 2842 Κρονίωνα
1019 2752 1212 2840 sequuntur,
1243 2769 1246 2782 ³

98 2847 198 2920 facile
225 2853 375 2942 apparet,
398 2847 539 2919 duobus
553 2845 691 2944 integris
710 2847 857 2919 versibus
878 2846 1082 2942 interpositis
1104 2845 1211 2917 animo
1283 2929 1286 2934 ,

99 2951 307 3022 observatum
339 2973 413 3020 esse
445 2945 673 3024 κατένευσεν.
733 2949 881 3034 Beekius
914 2948 1001 3046 apud
1032 2947 1212 3018 Pindarum

96 3049 321 3124 accusativum
352 3051 464 3148 posuit
498 3051 685 3150 participii,
732 3053 785 3124 cui
818 3053 972 3148 alterum
990 3049 1211 3121 accusativum

95 3145 207 3226 τόνόε
221 3151 345 3236 ‘adiecit
359 3151 548 3250 Dissenins,
571 3155 779 3227 vehementer
797 3153 998 3252 approbante
1008 3149 1210 3224 Welckero.

40 3347 47 3356 .
95 3255 146 3325 At
170 3278 285 3351 parum
309 3255 490 3350 probabilis
517 3264 569 3328 est
595 3263 686 3328 tanta
710 3257 893 3352 scripturae
908 3255 1057 3345 mutatio,
1083 3254 1138 3325 ubi
1164 3253 1211 3324 li·

95 3353 150 3428 hri
175 3379 288 3429 omnen
321 3366 355 3426 et
386 3357 583 3430 scholiastes
605 3357 846 3440 ,nominativum
879 3364 1025 3428 tuentur.
1076 3355 1207 3446 Quanto

94 3456 230 3529 facilins
255 3464 327 3528 eret
351 3480 417 3528 una
441 3457 553 3536 littera
579 3465 702 3530 mutata
727 3453 907 3540 εὐκλέϊξας
926 3456 1083 3546 scribere,
1109 3480 1209 3552 prac-
1275 3497 1278 3504 ·

94 3558 211 3631 sertim
243 3581 341 3653 quum
366 3558 465 3630 etiam
488 3559 523 3629 in
548 3559 590 3629 iis
625 3583 707 3654 quae
733 3565 913 3654 sequuntur
936 3559 1094 3629 victorem
1120 3558 1208 3630 allo-
1245 3597 1248 3616 ·

95 3666 218 3758 quatur
248 3657 427 3731 Pindarus.
484 3659 537 3731 Ac
562 3659 661 3755 φαμὶ
691 3659 818 3730 mediae
851 3658 1031 3731 sententiae
1056 3658 1207 3758 interpo·
1240 3660 1246 3672 '
1329 3715 1332 3722 .
1472 3705 1483 3714 -

95 3761 166 3858 suit
189 3761 287 3832 etiarn
311 3761 412 3856 Pytlr.
436 3756 508 3832 ΙΠ.
533 3763 596 3834 75.
622 3760 744 3857 (135.)

197 3859 246 3934 V.
275 3866 361 3938 107.
386 3887 457 3959 seq.
482 3864 658 3960 permirum
685 3871 753 3952 est,
787 3861 875 3957 quod
908 3885 1005 3956 quum
1029 3860 1107 3933 libri
1132 3863 1207 3936 vio·
1274 3904 1276 3912 ·

47 4023 49 4033 ,
93 3965 166 4038 latu
190 3972 295 4036 metro
321 3960 549 4060 habeantque*
574 3961 610 4038 ‹l'
640 3957 696 4038 ὦν
719 3991 774 4046 τις
791 3957 1062 4060 conderetque
1087 3961 1207 4038 dcerei-

94 4091 214 4161 μονον
237 4061 392 4164 πρόσσει
413 4059 520 4166 χρέος
546 4059 649 4148 αὐτος
673 4067 809 4168 ἐγεῖραι
833 4061 896 4138 καὶ
911 4063 1074 4140 παλαιὰν
1090 4063 1206 4150 δόξαν

93 4173 192 4242 τεῶν
217 4163 430 4269 προγόνων,
463 4167 574 4240 nullus
607 4169 821 4266 interpretum
855 4175 911 4240 ant
943 4169 1132 4242 criticorum
1164 4169 1204 4240 ad

95 4269 308 4343 scholiastam
326 4271 477 4362 attendit,
503 4269 563 4343 sed
576 4277 699 4344 temere
720 4272 928 4368 arripuerunt
945 4269 1108 4344 Schmidii
1123 4293 1205 4342 con·
1324 4351 1328 4360 ¹

93 4370 257 4444 lecturam
276 4365 378 4454 δόξα.
429 4371 533 4468 Atqui
549 4374 649 4468 longe
667 4371 796 4444 diverse
813 4373 1029 4446 scholiastesz
1055 4365 1203 4466 όιφοίσῃ

4 4487 6 4496 “
93 4477 142 4570 τῇ
169 4469 250 4572 ᾠδῇ
274 4471 529 4573 αροςτιθέντα,
554 4467 771 4569 aneatorum
790 4497 836 4568 με
858 4471 922 4546 καὶ
934 4464 1205 4568 θεραπεύοντα
