3086 5050
274 321 343 390 W
502 397 504 404 y
551 321 611 385 BE·
624 319 810 384 naseam
830 319 1117 382 asschosnssns.

280 488 479 560 Timotheus
511 493 546 558 et
569 485 789 562 Phereerntes
822 511 863 560 ee
895 484 994 560 titula
1027 486 1150 582 aliquid
1180 487 1394 583 seripserint,

231 596 515 688 l7praetereuque
533 586 671 682 Πέρσις
695 597 966 662 commensuretur
978 587 1169 678 Naucratis,
1195 595 1295 684 atque
1319 591 1396 687 inse

279 691 393 764 Plauti
413 689 520 764 Persa
545 691 584 762 ad
602 683 753 763 Graecia
780 691 946 764 cniusdam
972 689 1102 762 fabulae
1128 691 1314 787 exemplum
1340 691 1399 764 sa-

278 802 352 868 ntus
379 792 539 865 videatur.
590 789 668 888 Ege
695 793 825 889 quidem
850 794 886 864 in
908 817 949 864 ea
965 815 1079 865 manen
1094 791 1269 882 sententia,
1294 817 1399 888 quam

280 903 355 968 aute
388 895 450 966 hes
483 899 638 990 quattuor
669 903 703 965 et
730 895 847 990 viginti
873 918 975 966 annos
1006 895 1040 966 in
1068 892 1207 988 quadam
1233 893 1398 970 disserta·

280 999 369 1069 tinue
395 997 533 1092 quintuli,
560 995 609 1090 (ι.
636 993 766 1092 θροις.
793 993 1096 1092 v01.11;p.84.)
1125 1004 1173 1082 nt,
1201 996 1265 1068 uisi
1290 999 1397 1072 sertis

280 1099 419 1170 testihus
446 1097 615 1187 densatur,
642 1121 725 1194 qnae
747 1099 806 1170 isti
833 1098 1012 1194 scriptores
1038 1097 1301 1189 verheaderunt,
1327 1123 1399 1172 unu

281 1224 354 1272 esse
381 1208 424 1271 eir
438 1199 596 1294 Aeschyli
612 1198 728 1270 Persis
754 1200 869 1296 petita,
896 1223 1001 1294 neque
1018 1199 1191 1272 Athenaeo
1213 1223 1275 1272 nee
1294 1201 1400 1274 schn-

280 1303 398 1374 liastaa
423 1299 645 1397 Hermogenis
678 1300 774 1372 fidem
809 1300 965 1397 denegari
1000 1300 1108 1372 veliin.
1169 1298 1255 1372 Nann
1287 1308 1399 1397 νῆσοι

279 1397 540 1500 νηριτοτρόφοι
567 1401 696 1498 quidem
722 1403 804 1474 nihii
830 1427 966 1498 prorsus
992 1401 1131 1492 hahent,
1165 1401 1252 1498 qued
1279 1428 1300 1475 a
1324 1413 1398 1476 tra-

281 1505 356 1600 gica
382 1504 526 1576 dictione
552 1505 739 1576 abhorreat.
791 1502 935 1576 Videtur
961 1514 1067 1576 autern
1092 1504 1284 1576 Athenaeus
1310 1507 1400 1578 scri·

281 1607 389 1703 psisse
414 1600 598 1699 Αἰσχύλος
623 1602 665 1678 dd
690 1607 731 1679 έν
750 1603 909 1700 Πέρσαις
934 1603 1001 1687 τὰς
1024 1601 1161 1698 νήσους
1180 1603 1400 1704 νηριτοτρό<

282 1733 378 1806 queve
402 1710 554 1802 εἴρηκεν.
601 1702 792 1792 Ὑπόξυλος
821 1731 896 1780 vern
922 1709 984 1780 etsi
1002 1708 1115 1804 paulin
1134 1708 1303 1803 vulgarius
1321 1733 1402 1782 ver-

282 1810 357 1881 hum
384 1818 453 1900 est,
490 1818 685 1881 tamennon
712 1810 841 1882 videtur
865 1809 1025 1883 eiusmodi
1057 1833 1152 1900 esse,
1187 1811 1241 1880 cui
1265 1809 1300 1882 in
1327 1819 1401 1884 tna·-

282 1911 402 2008 gnedia
426 1911 521 1982 lncns
548 1910 684 1982 concedi
711 1912 906 2006 neqniverit.
958 1909 1046 1984 Sunt
1063 1920 1168 1982 antem
1183 1909 1309 1984 Persae
1326 1914 1400 1987 Aa·

283 2011 388 2105 schyli
421 2035 486 2083 nnn
519 2034 584 2082 nnn
611 2013 646 2082 in
671 2013 746 2084 lneo
773 2013 820 2082 ita
847 2013 971 2102 vitiati,
1011 2021 1048 2084 nt
1080 2012 1245 2086 excidisse
1272 2015 1398 2112 aliquid

284 2111 445 2184 uideatur.
497 2108 567 2182 Sed
594 2110 680 2206 quod
706 2113 740 2182 in
766 2113 827 2183 idda
852 2113 1084 2186 dissertatione
1111 2114 1278 2206 dicebam,
1311 2118 1399 2189 diri-

284 2214 356 2286 nari
388 2212 529 2284 sortasse
562 2237 681 2309 pesse,
723 2213 839 2308 quihus
875 2215 960 2286 lueis
993 2216 1053 2286 iha
1088 2218 1213 2313 scripta
1244 2217 1397 2312 fuissent,

285 2338 368 2412 qnae
393 2315 451 2387 isti
473 2323 513 2385 nt
537 2315 571 2386 in
593 2309 708 2386 Persis
723 2316 881 2410 Aeschyli
905 2317 1016 2412 posita
1042 2311 1235 2410 attuierunt,
1261 2321 1297 2391 id
1323 2345 1398 2395 sese

284 2417 464 2489 Pessnvins
491 2418 637 2514 quamvis
656 2427 863 2512 quaerentem
886 2418 993 2492 fassus
1016 2429 1067 2492 est
1090 2422 1236 2518 reperire
1255 2447 1321 2494 nen
1337 2449 1400 2520 pu·

285 2519 402 2590 tuisse.
452 2517 528 2590 Non
561 2518 594 2590 id
622 2519 704 2590 ades
732 2518 866 2590 difficile
893 2529 977 2592 erat.
1029 2520 1100 2594 Seu
1128 2547 1203 2594 vera
1230 2547 1289 2595 sen
1314 2524 1400 2598 salsa

151 2697 157 2718 Ι
221 2621 226 2642 “
287 2620 391 2692 dicam
427 2617 636 2716 (meminisse
673 2622 759 2697 enim
792 2631 923 2718 opertet
955 2631 1072 2694 natura
1105 2648 1165 2696 sua
1197 2624 1261 2698 hne
1294 2651 1399 2724 genus

286 2722 493 2795 coniectandi
518 2723 678 2794 incertum
705 2728 809 2814 essa),
837 2725 909 2818 qnis
934 2723 1018 2797 haee
1042 2725 1113 2798 sine
1140 2727 1322 2801 offensione
1348 2731 1402 2802 le-

287 2833 356 2920 gat,
384 2848 467 2920 qnae
494 2849 526 2894 v.
552 2826 640 2900 683.
666 2824 790 2896 Darius
816 2824 918 2898 dicite

413 2984 445 3063 ὦ
470 2989 581 3064 πιστὰ
606 2997 748 3066 πιστῶν
771 2989 889 3086 ἥλικές
913 2991 957 3066 θ’
986 2990 1080 3090 ἥβης
1103 2995 1204 3092 ἐμῆς,

413 3089 558 3182 Πέρσαι
583 3089 736 3190 γεραιοί,
762 3091 847 3168 τίνα
873 3090 975 3176 πόλις
999 3101 1105 3169 πονεῖ
1127 3093 1265 3190 πόνον,·

415 3188 750 3286 στένει,”κέκοπιαι,
775 3193 839 3268 καὶ
858 3190 1088 3295 χαράσσεται
1112 3196 1237 3274 πέδον.

288 3357 364 3432 Non
389 3368 469 3458 pute
496 3359 575 3434 mihi
597 3359 696 3447 *valde
721 3362 945 3460 refragaturus
972 3390 1059 3457 esse,
1086 3368 1141 3464 qui
1163 3369 1277 3441 harum
1292 3396 1401 3444 rernm

187 3501 193 3513 ·
289 3462 429 3557 aliquem
455 3485 585 3534 sensnm
611 3463 750 3556 hahent,
777 3466 806 3536 si
833 3475 907 3537 ante
933 3468 1082 3540 ultimum
1108 3469 1224 3544 horum
1249 3497 1401 3545 versuum

254 3627 255 3636 ,
289 3563 412 3660 aliquid
440 3562 603 3636 excidisse
631 3563 748 3638 dicam.
800 3565 931 3658 Quanto
964 3569 1047 3642 haee
1079 3568 1201 3644 reetins
1227 3576 1401 3672 aptiusque

289 3665 482 3772 precedent,
509 3667 569 3736 tali
595 3667 705 3762 aliquo
732 3667 829 3742 modo
856 3672 998 3768 scripta:
1315 3689 1318 3696 ·
1412 3673 1416 3684 “

514 3917 517 3922 ,
603 3829 612 3838 Χ
744 3833 831 3911 τίνα
856 3831 959 3922 πόλις
982 3844 1088 3913 πονεῖ
1111 3837 1251 3930 adven,-

417 3931 673 4027 ἃληθοπινθιῖ
696 3934 732 4010 d'
763 3935 844 4012 ond
873 3937 1044 4038 ὑποξύλῳ
1069 3938 1147 4042 γόῳ
1221 3942 1251 4031 ſs

313 4035 316 4041 ’
417 4033 544 4125 στένει,
569 4035 753 4128 κέκοπται,
778 4037 842 4112 καὶ
863 4037 1091 4139 χαράσσεται
1116 4042 1240 4119 πέδον.
1374 4075 1378 4080 ·

291 4203 377 4294 Illa,
409 4199 473 4276 καὶ
495 4200 720 4299 χαράσσεται
745 4201 877 4297 πέδον,
912 4211 1083 4308 perinepte
1111 4213 1239 4309 qnidam
1266 4169 1400 4312 proque

293 4307 381 4379 dinta
413 4313 581 4399 putarunt.
638 4305 714 4380 Nun
748 4309 845 4386 aliter
876 4311 940 4384 hon
973 4311 1062 4386 dixit
1086 4314 1272 4414 Aeschylus
1304 4339 1402 4414 quam
