3070 5048
446 419 821 524 transeamus
1031 373 1038 392 '
1156 419 1311 524 τοοΙ
1455 453 1462 478 .

108 584 149 660 ad
173 585 270 678 laec,
297 585 408 685 quod,'
424 594 462 661 ut
486 589 539 662 sol
563 587 680 661 unicus
705 587 741 659 in
765 585 859 660 caclo
884 585 974 662 lucet
995 594 1030 662 et
1046 587 1126 664 item
1141 586 1221 666 luna

106 689 195 761 inter
219 688 334 762 stellas
361 689 457 762 unica
482 690 623 781 eminet,
659 688 710 762 sic
734 696 768 761 ct
791 687 917 785 Apollo
945 699 980 763 et
1001 689 1113 764 Diana
1138 717 1220 768 oon·

106 789 190 886 iugii
214 799 383 884 expertes,
409 798 444 864 et
467 801 610 892 propter
629 787 873 864 similitudinem
892 791 1130 891 paritatcmque
1147 819 1220 867 mu·

105 899 218 964 nerum
244 917 311 964 non
336 893 403 965 alio
428 893 516 966 inter
540 918 576 967 se
604 915 700 991 quum
725 891 971 989 geminitudiuis
994 894 1124 969 uinculo
1141 906 1219 971 sunt

105 992 285 1066 coniuncti.

203 1093 358 1167 Allerunt
389 1095 487 1168 etiarn
519 1093 622 1168 aliud.
680 1093 766 1166 Nam
796 1087 943 1169 λύκειον
973 1101 1008 1168 et
1039 1100 1218 1199 λυκηγιιεῆ

103 1193 295 1292 Apollinem
320 1195 361 1266 ab
376 1195 474 1288 luce,
502 1220 584 1294 quae
611 1195 700 1268 dictu
725 1195 825 1268 fuerit
850 1189 954 1292 λύκη,
979 1205 1129 1270 vocatum
1147 1223 1219 1274 uo·

102 1296 195 1369 luntz
230 1297 264 1369 in
297 1296 413 1395 quibus
446 1297 736 1389 memacterion,
771 1297 828 1395 qui
852 1293 929 1370 Sat.
954 1296 987 1370 Ι.
1015 1303 1076 1374 17.
1108 1304 1218 1397 λυκη-

101 1405 190 1498 γινῆ
214 1398 451 1496 iuterpretatur
474 1398 543 1474 τὸν
564 1405 756 1500 γεννῶντα
774 1396 844 1494 τὴν
860 1393 988 1494 λύκην,
1012 1400 1124 1498 inepte
1142 1403 1217 1499 qui·

102 1499 190 1590 dem,
218 1500 307 1597 quia,
334 1499 364 1572 si
389 1494 479 1596 λύκη
504 1501 565 1572 lux
591 1507 655 1591 cst,
682 1523 800 1596 nomen
825 1499 909 1570 illud
934 1500 1045 1597 potius
1071 1527 1115 1575 ex
1139 1504 1214 1578 luce

99 1609 214 1672 uatum
240 1600 406 1697 significet
430 1625 567 1674 neeesse
593 1609 657 1674 cst.
708 1599 778 1673 Sed
804 1600 921 1672 falsam
948 1625 1021 1675 csse
1046 1603 1144 1676 istum
1161 1603 1216 1678 iin-

50 1735 52 1742 ·
98 1703 372 1797 terpretationem
396 1701 476 1774 milri
503 1702 631 1799 quidem
659 1726 724 1773 non
739 1700 871 1775 dubium
885 1700 1027 1794 videtur,
1053 1703 1215 1800 siquidem
1262 1769 1267 1782 ,

98 1800 282 1904 λυκαυγὲς
312 1812 347 1876 et
371 1798 544 1900 λυκόφιος
575 1811 610 1877 ct
635 1796 824 1899 ἀμφιλύκη
849 1799 932 1886 νύξ.
951 1802 1129 1876 diluculum
1155 1831 1216 1879 eo·

98 1904 201 2001 gituri
225 1906 407 2001 postulant.
433 1975 436 1982 κ
458 1904 619 1978 Nimirum
637 1913 812 2000 cognatum
828 1912 879 1978 est
892 1903 1004 1976 lictum
1022 1905 1105 1978 illud
1124 1902 1215 2004 λύιογ
1272 1955 1284 1968 .,

98 2029 174 2077 cum
199 2002 337 2094 λευκός,
363 2006 450 2103 quod
476 1997 610 2105 proprie
628 2029 692 2078 non
711 2005 832 2095 dium,
859 2005 918 2078 sod
935 2005 1095 2102 pallidum
1108 2008 1215 2105 signi-

97 2106 197 2180 ficat:
230 2107 316 2181 unde
343 2117 555 2208 canescentes
581 2103 847 2205 cupillilavxal
861 2103 995 2202 τρίχες,
1021 2133 1085 2181 non
1101 2107 1216 2212 ἀργαὶ

97 2224 156 2286 aut
182 2205 382 2310 ἀργήεσσαι
414 2211 635 2307 appellantur.
692 2205 845 2280 Pertinet
879 2207 920 2278 ad
946 2209 1092 2283 eamdem
1116 2211 1214 2284 lumi-

96 2311 177 2382 liam
203 2309 413 2413 λευγαλέοςι
447 2334 546 2406 querc
573 2331 656 2406 quae
681 2308 830 2381 Homero
856 2309 1044 2410 λευγαλέοι
1070 2311 1238 2407 potuer
1367 2397 1369 2404 Α

96 2409 225 2486 λευκαὶ
250 2419 327 2483 sunt
342 2409 508 2499 Pindar03
534 2411 614 2482 item
636 2407 771 2509 λυγρὸς
785 2417 819 2480 et
836 2413 996 2507 λυγαῖος.
1046 2409 1113 2483 Est
1130 2435 1211 2509 ergo
1229 2485 1239 2491 ,

95 2509 297 2615 λυιίιγγενὴς
328 2512 357 2584 is
392 2510 458 2584 diei
483 2510 667 2607 putandus,
704 2510 760 2605 qui
785 2509 931 2580 nascitur
956 2511 1211 2605 pallescentilus

94 2615 269 2688 nocturnis
293 2612 452 2685 tenebris.
502 2609 638 2708 Lupum
663 2619 772 2681 autem
797 2616 905 2679 utrum
932 2609 1018 2704 qnod
1041 2612 1212 2685 caballus

94 2717 159 2788 sub
185 2714 364 2786 diluculum
389 2721 571 2808 grassetur,
599 2734 640 2782 on
664 2733 686 2780 a
712 2708 803 2783 cauis
825 2708 903 2806 pilis
919 2705 1032 2784 λύκον
1052 2709 1209 2805 dixerint,

93 2818 131 2889 in
158 2815 256 2888 dubio
283 2815 477 2910 relinquam.
528 2811 714 2908 Obscurum
737 2834 816 2883 reno
831 2833 948 2882 nomen
966 2819 1018 2883 est
1031 2807 1210 2910 λυκοίβας,

93 2916 185 3016 qnod
200 2915 407 3010 'Arcadicum
431 2916 624 2988 vocobulum
650 2937 723 2986 esec
747 2910 802 2984 Io.
828 2910 1035 3009 Philoponue
1059 2914 1095 2986 in
1113 2913 1211 2998 Belu-

93 3019 172 3091 keri
196 3017 325 3092 Anecd.
351 3041 386 3114 p.
404 3017 516 3093 1095.
542 3024 695 3090 testatur.
746 3011 793 3086 Ei
817 3013 936 3089 similis
962 3021 1014 3087 est
1034 3015 1120 3120 apud
1133 3014 1209 3090 He·

34 3118 36 3122 ’
93 3121 242 3218 onychium
267 3116 490 3217 λυκοβατίας
514 3113 670 3212 δρυμός,
696 3118 737 3191 ἐν
763 3107 796 3213 ᾦ
822 3114 857 3188 οἱ
875 3111 978 3188 λύκοι
992 3113 1210 3215 διατρίβου-

95 3245 172 3309 σιν,
198 3230 233 3296 et
257 3217 516 3317 Λυκαβηττός,
543 3219 656 3294 eodem
683 3227 769 3293 teste
795 3216 902 3290 dictus
927 3214 992 3292 dod
1016 3215 1060 3290 nd
1084 3215 1209 3304 λύκοις

92 3318 289 3418 πληθύειν.
347 3320 479 3394 Volunt
511 3330 619 3393 autem
659 3319 865 3415 grammatici
903 3312 1122 3414 λυκάβαντα
1152 3322 1207 3396 rel

14 3425 15 3438 ¹
93 3421 170 3500 ἀπὸ
196 3428 264 3497 τοῦ
288 3420 448 3525 λυγαίοις
472 3421 631 3518 βαίνειν,
657 3420 683 3490 i.
701 3425 960 3507 acuotswuie,
985 3417 1206 3518 λεληθότως,

92 3528 219 3600 dictum
244 3547 331 3615 esse,
359 3524 411 3595 vel
436 3523 523 3620 qnod
549 3522 626 3594 anni
651 3521 736 3592 alius
758 3519 857 3592 alium
878 3520 1118 3617 subsequantur
1132 3525 1207 3597 nel·

92 3630 144 3701 nti
168 3627 241 3724 lupi
266 3649 390 3697 amnem
416 3631 638 3714 nannenten,
671 3620 864 3694 Macrobius
890 3629 996 3694 autem
1023 3622 1117 3718 quusi
1137 3621 1206 3700 adr

92 3727 168 3820 ὑπὸ
192 3731 261 3803 τοῦ
285 3721 412 3815 λύκου,
437 3726 463 3798 ἱ.
489 3749 521 3798 ο.
547 3724 639 3815 sole,
663 3716 908 3819 βάινόμενονε
943 3721 984 3794 de
1010 3721 1127 3820 quibus
1152 3727 1205 3798 vi-

93 3831 221 3904 dendus
235 3828 379 3903 Reillius
405 3827 447 3899 ad
461 3824 664 3902 Artemidor.
689 3821 741 3895 Π.
763 3826 823 3896 12.
841 3847 876 3920 p.
892 3814 983 3897 335:
997 3847 1069 3922 seq.
1107 3823 1204 3902 llaec

10 4011 11 4014 ,
91 3941 190 4005 nemo
216 3955 282 4004 non
307 3930 398 4003 uidet
422 3929 530 4002 omnia
554 3936 678 4000 temere
694 3948 768 3998 esse
781 3925 925 3997 inventa.
975 3922 1018 3999 si
1033 3927 1203 4002 coniectu-

92 4057 153 4106 rae
178 4032 272 4106 locus
297 4039 368 4120 est,
401 4029 594 4104 crediderim
626 4027 760 4124 proprie
791 4025 873 4100 solis
899 4025 1067 4124 epitheton
1099 4028 1203 4104 fuisse

93 4133 212 4207 eodem
243 4133 431 4230 significatu
463 4156 526 4228 quo
559 4123 766 4231 λυκηγενής.
822 4125 899 4200 Νοο
930 4129 1202 4225 praetereundum

93 4243 147 4310 est
173 4241 300 4328 autem,
337 4233 424 4338 quod
448 4234 560 4306 Diana
590 4255 653 4305 nec
684 4225 882 4332 λυκηγενὴς
906 4251 968 4304 nec
991 4227 1116 4305 λυκιία
1140 4257 1202 4306 vo·

93 4343 178 4426 cata*
196 4343 269 4436 esta
300 4345 389 4410 recte
415 4335 557 4432 quidem,
584 4334 613 4406 ιὶ
639 4339 690 4404 est
714 4332 804 4424 luna,
832 4332 908 4429 quia
933 4332 1030 4404 etiam
1051 4331 1105 4402 rel
1126 4339 1200 4407 orto

92 4437 162 4512 iam
186 4439 257 4512 sole
283 4436 497 4510 vel'n'ondum
513 4459 632 4511 occasu
647 4433 862 4530 conspicitur.
912 4431 1112 4504 Memoruuit
1125 4433 1201 4530 qui·
1362 4527 1367 4542 l
1446 4533 1449 4538 Ι
1511 4533 1515 4540 ,

135 4551 251 4626 Eunu.
273 4552 331 4624 0r.
352 4550 424 4624 vll.
590 4584 601 4599 ·
799 4625 803 4640 ι
966 4545 998 4632 Τ
