3076 5046
280 422 343 492 ιιι
499 423 550 488 un
571 423 758 486 oasonrnr
778 423 967 486 romeam
986 377 1187 485 rusorum.
1214 507 1217 518 ¹

276 587 444 682 μαλοιέων
468 587 567 666 ποδί.
627 590 669 666 In
701 593 766 665 isto
796 586 971 686 Ἑλλαδέῳ
1003 613 1069 662 nou
1101 555 1231 662 lehnlae
1257 613 1387 685 nomen,

276 692 333 764 sed
360 694 464 790 ipsius
490 702 609 790 poetae
634 695 734 766 rerba
759 695 863 764 latere
889 689 1074 789 significari
1098 691 1134 764 in
1155 691 1388 764 dissertatione

169 875 173 882 ,
276 793 317 868 de
341 793 549 886 llaliadihus,
576 793 704 892 Opuso.
731 796 799 868 vel.
825 792 896 865 ΠΙ.
923 819 959 890 p.
989 794 1073 868 139.
1125 789 1361 867 Seribendnm:

401 945 476 1037 έλα,
502 942 607 1020 ‹la'wae'
638 946 773 1042 ἀκμῆτι
796 941 954 1042 μύλκιον
979 941 1077 1018 ποδί.

66 1143 75 1156 -
180 1159 183 1178 ,
274 1094 477 1194 Imperativo
501 1096 570 1198 ἔλα·
590 1121 670 1171 usus
696 1106 749 1172 ast
772 1096 952 1195 Euripiden
977 1096 1081 1168 llere.
1108 1094 1174 1168 lor.
1200 1098 1288 1172 819.

375 1196 550 1295 Sphingis,
572 1191 607 1271 ¹si
633 1221 671 1272 oa
697 1201 760 1274 luit
784 1199 969 1296 tragoedia,
995 1223 1062 1272 non
1079 1221 1137 1270 eas
1153 1197 1308 1272 hahemus
1331 1223 1388 1270 re-

274 1299 417 1396 heleias,⁴
447 1325 491 1372 ex
524 1299 639 1396 quihus
674 1299 797 1397 aliquid
829 1301 870 1372 do
903 1308 1095 1396 argumento
1121 1299 1242 1374 eoniioi
1266 1301 1416 1396 pessit«

273 1399 479 1496 Hesyohiusz
512 1408 635 1490 κνοῦς,
662 1400 681 1474 ὁ
707 1403 748 1476 ἐκ
771 1409 840 1475 τοῦ
865 1402 995 1484 ἄξονος
1013 1396 1110 1497 ἦχος.
1161 1399 1320 1501 Λέγεται
1345 1399 1387 1474 (λε’

273 1499 336 1574 καὶ
368 1498 479 1598 κνοή,
518 1501 581 1576 καὶ
614 1501 635 1576 ὃ
666 1510 745 1578 τῶν
776 1501 905 1578 ποδῶν
937 1499 1081 1600 ψόφος,
1121 1499 1172 1585 ὥς
1196 1499 1388 1597 Ἀλσχύλος
1420 1555 1439 1572 =.

274 1601 429 1705 Σφιγγί.
476 1601 577 1687 τινὲς
604 1603 654 1678 δέ
683 1627 778 1702 φασι
809 1610 926 1680 ννοῦν
957 1603 1024 1680 τὸν
1055 1598 1168 1699 ἦχον,
1200 1600 1319 1699 χνόην
1344 1601 1387 1679 dd

144 1699 151 1712 ’
272 1703 469 1802 μέροςτοῦ
486 1706 628 1794 ἄξονος,
653 1704 856 1802 ἡχοινιιιίς.
906 1707 1148 1803 Aristophanes
1164 1703 1254 1778 Ran.
1274 1709 1386 1782 lane.-

289 1861 294 1870 '
398 1853 557 1959 Σφίγγα
582 1855 810 1956 δυςαμερέαν
834 1853 1022 1976 πρύτανιν
1041 1852 1149 1931 κύνα.

270 2007 462 2080 Athenaeus
487 2006 575 2080 XV.
607 2034 643 2104 p.
668 2012 757 2085 674.
782 2009 831 2082 Il.
863 2004 1046 2102 Αἰσχύλος
1080 2007 1117 2082 δ’
1154 2009 1197 2083 ἒν
1220 2014 1276 2104 τῷ
1299 2014 1399 2080 lvo-s

271 2105 372 2203 μένῳ
399 2111 602 2205 Προμηθεῖ
625 2117 756 2206 σαφῶς
781 2108 895 2208 φησὶν
921 2109 977 2183 ὅτι
1002 2107 1060 2184 ἐπὶ
1085 2115 1172 2206 τιμῇ
1198 2116 1266 2184 τοῦ
1282 2113 1386 2206 Προ-

271 2206 422 2303 μηθέως
452 2207 519 2284 τὸν
552 2209 737 2310 στέφανον
768 2209 1005 2310 περιτίθεμεν
1036 2218 1080 2307 τῇ
1106 2218 1248 2309 κεφαλῇ
1280 2209 1386 2290 ἀντέ-

152 2323 159 2340 ·
272 2336 383 2383 σοινοι
407 2317 475 2384 τοῦ
500 2310 641 2387 ἐκείνου
659 2311 813 2409 δεσμοῦ,
838 2311 903 2387 καὶ
922 2314 975 2386 ἔτι
1000 2315 1066 2410 (sio
1083 2313 1289 2388 seribendum
1303 2322 1385 2411 puto
1485 2377 1491 2394 ,

199 2461 201 2473 .
270 2408 495 2511 proauitae)
522 2415 563 2488 ἐν
587 2421 632 2510 τῇ
659 2414 933 2516 ἐπιγραφομένῃ
959 2412 1105 2516 Σφιγγὶ
1130 2409 1262 2490 εἰπών·
1371 2493 1373 2498 ,

397 2570 451 2660 τῷ
478 2561 519 2638 δέ
545 2563 636 2662 ξένῳ
661 2593 702 2667 με
729 2569 911 2664 στέφανος
936 2565 1093 2662 ἀρχαῖον
1119 2563 1263 2664 στέφος,

397 2663 548 2761 δεσμῶν
574 2667 735 2764 ἄριστος,
761 2671 801 2742 ἐκ
826 2667 1063 2765 Προμηθέως
1086 2664 1213 2770 λύγον.Ι

150 2871 152 2878 .
270 2813 369 2912 Apud
395 2816 600 2891 Athenaeum
634 2829 686 2894 est
712 2818 897 2916 στέφανον
923 2827 957 2892 et
980 2815 1104 2920 λόγον.
1163 2819 1264 2892 Prius
1290 2816 1412 2892 Gro-·

270 2918 350 3010 tias,
377 2919 516 2995 alterum
540 2919 689 3015 Heynins
719 2920 926 2994 emendavit:
963 2945 983 2992 a
1014 2945 1080 3018 quo
1112 2930 1149 2994 ut
1175 2921 1384 2994 dissentirem
1529 2965 1530 2970 =

270 3018 305 3092 in
332 3018 563 3092 dissertatione
597 3022 638 3094 do
663 3022 862 3096 Prometheo
896 3024 1026 3114 soluto,
1063 3020 1192 3120 Opuse.
1219 3023 1286 3095 vol.
1312 3021 1383 3095 lv.
1529 3069 1530 3086 ι

14 3215 18 3222 ,
121 3181 124 3186 .
177 3183 183 3196 ,
270 3142 306 3215 ρ.
334 3123 420 3194 282.
447 3122 618 3217 potissime
643 3147 745 3221 pravo
760 3124 831 3196 *illo
856 3121 976 3198 καίτοι
1001 3134 1072 3197 orat
1098 3126 1262 3198 ellectum.

349 3219 427 3294 *Do
453 3220 586 3320 Oedipo
613 3225 796 3322 tragoedia,
824 3249 907 3321 quae
932 3234 966 3297 et
991 3227 1065 3323 ipsa
1090 3227 1189 3298 siouti
1213 3223 1322 3296 Laius
1348 3233 1383 3300 et

272 3318 405 3418 Sphinx
429 3324 463 3395 in
488 3325 597 3418 indiae
623 3326 803 3400 fabularum
829 3328 996 3400 nominata
1021 3337 1094 3419 ast,
1129 3327 1212 3402 nihil
1238 3335 1381 3418 constat,

271 3423 336 3494 nisi
362 3426 498 3520 mystica
524 3427 680 3523 quaedam
706 3429 742 3500 in
768 3453 807 3500 ea
824 3430 976 3526 evulgata
994 3430 1150 3505 creditum
1168 3453 1253 3500 essa.
1295 3423 1401 3500 Veri'

271 3519 471 3628 simillimum
496 3539 560 3621 est,
587 3519 811 3626 argumentum
835 3531 922 3604 idem
948 3531 1063 3622 luisse,
1092 3529 1179 3628 quod
1199 3528 1380 3628 Sophoclis

271 3623 397 3725 Oedipi
420 3629 547 3726 Regis,
580 3640 618 3703 nt
644 3633 820 3729 compertis
847 3633 1090 3730 qu'aeignerus
1115 3633 1214 3729 impie
1241 3631 1379 3723 fenerat,

270 3745 344 3802 sese
370 3739 576 3810 excaecaret.
627 3729 706 3808 Nou
730 3734 834 3808 dehoo
859 3735 915 3810 hio
938 3735 1119 3830 praeterire
1136 3733 1381 3806 adnotationem

34 3869 36 3877 s
121 3873 130 3901 .
271 3830 469 3906 solollastae
501 3831 681 3930 Sophoclis
714 3835 755 3909 ad
788 3833 877 3908 Oed.
909 3834 956 3908 R.
989 3860 1021 3908 a.
1047 3838 1135 3912 733.
1168 3833 1251 3932 περὶ
1275 3837 1381 3908 Δαο-

271 3927 357 4006 etde
389 3931 480 4029 φησὶ
511 3931 580 4028 τὴν
612 3932 764 4029 exuenda
796 3931 897 4018 ὁδόν.
955 3933 977 4008 ὅ
1009 3932 1050 4010 δὲ
1081 3933 1266 4029 Αἰσχύλος
1297 3933 1381 4032 περὶ
1486 3947 1490 3956 ’

272 4030 456 4121 Ποινέοις,
490 4033 623 4116 οὕτως·
655 4037 794 4129 ἐπῇμεν
824 4042 890 4129 τῆς
919 4034 1012 4112 ὁδοῦ
1041 4034 1267 4132 τροχήλοιτον
1299 4059 1380 4131 σχιή

193 4145 197 4150 ’
271 4139 359 4228 στῆς
382 4129 562 4210 κελεύθου
586 4133 757 4232 apletium,
781 4135 880 4208 ἔνθα
902 4137 1095 4234 συμβολὰς
1116 4143 1232 4234 τριῶν
1256 4133 1379 4214 κελεύ-

271 4237 359 4309 θιον
384 4230 611 4311 Ποτνιύδοιν
640 4234 852 4332 ἡμείβομεν.
910 4236 1139 4314 Valokenerio
1172 4238 1216 4312 ad
1246 4239 1379 4320 Phoen-

271 4361 306 4408 ν.
330 4337 393 4412 38.
418 4337 501 4412 haee
531 4337 567 4410 in
592 4335 725 4434 Oedipo
749 4337 907 4434 Aesohyli
930 4339 1055 4435 seripta
1078 4339 1291 4432 ridebantur,
1323 4343 1379 4414 in·
1529 4357 1530 4380 ¹

248 4436 499 4545 ‹olinahamqne
527 4462 569 4512 eo
584 4459 656 4533 ego
682 4463 811 4535 qnoque
837 4441 872 4512 in
898 4439 1131 4517 dissertatione
1155 4442 1195 4514 do
1221 4440 1376 4533 Glanois,
