3070 5048
261 541 267 548 A
303 451 366 522 324
542 477 545 480 ·
615 451 666 516 lm
687 447 873 512 nuscum
893 448 1091 512 astutulo.

302 631 354 695 tre
387 645 445 693 sua
472 619 511 692 ιι
546 627 756 716 conspectum
790 617 1046 691 adducuntur.
1057 616 1169 713 ’Όψις
1201 611 1275 716 peip
1308 613 1430 690 arar

181 817 185 820 ,
301 719 539 819 ιιιιτικωιιρα
564 718 673 812 πέλει,
700 719 788 793 canit
801 719 1091 792 Valckenariunas
1109 715 1311 814 Sophocles.
1338 709 1440 790 Sci-

301 827 383 898 licet
408 823 655 895 Welckerus
624 848 680 894 ιι
705 822 889 894 Annalibus
915 820 1066 894 Instituti
1094 819 1343 915 arcbaeologici
1363 819 1421 890 T.

301 925 354 998 Il.
387 927 471 998 fasc.
498 929 535 998 2.
563 927 599 997 3.
633 949 669 1021 ιι.
695 925 783 999 245.
810 948 903 1021 seqq.
937 923 1074 994 duorum
1100 920 1292 994 consimiles
1318 943 1422 992 vaso·

223 1087 225 1099 .
301 1054 374 1101 rmn
405 1028 552 1124 picturas
588 1025 631 1096 ad
662 1025 798 1099 Palicos
832 1026 972 1098 rettulit.
1026 1022 1161 1096 Eorum
1200 1047 1351 1095 vasorum
1382 1023 1420 1093 in

302 1131 408 1248 primo
436 1135 534 1224 eaput
559 1127 706 1200 mulieris
732 1151 805 1199 cum
831 1127 932 1218 collo,
959 1127 1102 1220 itemque
1124 1125 1272 1196 sublatae
1290 1147 1422 1234 expau-

304 1233 350 1304 sis
378 1231 491 1326 digitis
516 1251 631 1301 manus
667 1253 711 1301 cx
746 1227 852 1301 terrae
878 1229 952 1301 solo
979 1228 1134 1298 eminent.
1187 1225 1271 1304 Eius
1298 1214 1421 1322 capitia

303 1341 397 1406 tanta
429 1339 560 1427 tamque
592 1330 740 1402 irnu'ranis
767 1330 957 1426 magnitudo
984 1335 1055 1419 est,
1090 1336 1127 1399 ιιι
1160 1335 1294 1424 superet
1321 1327 1422 1399 disni-

304 1434 407 1506 diam
417 1432 615 1504 adstantium
641 1433 803 1550 utrimque
835 1432 988 1502 iuvenum
1012 1429 1264 1526 longitudinem.
1317 1427 1421 1500 Ιιιιι-

303 1559 363 1607 ιιι
388 1536 446 1606 isti
473 1534 596 1629 galeati
623 1535 750 1632 magnis
782 1533 815 1604 in
818 1531 990 1651 gentisque
1022 1531 1179 1652 ponderis
1204 1531 1343 1602 malleis
1360 1553 1421 1602 ca-

305 1645 364 1734 pnt
395 1637 543 1707 mulieris
569 1634 704 1708 feriunt.
763 1634 936 1708 Eorum
925 1657 1077 1705 ruvenum
1110 1634 1167 1730 qui
1199 1641 1275 1705 ante
1299 1632 1421 1704 faciem

256 1739 453 1821 lomnlieris
479 1746 558 1828 stat,
586 1737 656 1808 eius
681 1737 748 1808 ima
773 1736 899 1808 sinistri
924 1735 1019 1833 pedis
1044 1759 1122 1832 pars
1148 1759 1232 1831 pene
1255 1733 1420 1832 usquead

304 1864 413 1913 suram
440 1840 571 1911 obiectu
591 1862 742 1910 manuum
765 1839 912 1918 mulieris
934 1846 1022 1920 tecta
1040 1846 1104 1916 ιιι.
1154 1834 1304 1909 Indidem
1321 1837 1422 1907 etiam

304 1943 449 2012 ramulus
484 1939 613 2056 quidam
647 1940 755 2035 surgit
786 1940 846 2010 in
843 1939 938 2011 alios
964 1938 1108 2016 ramulos
1133 1961 1207 2011 sese
1234 1937 1419 2009 diffundens

189 2107 197 2120 ,
305 2041 347 2112 ad
373 2042 482 2136 capita
508 2041 646 2111 maxime
672 2043 837 2112 iuvenum.
888 2041 1037 2112 Alterius
1064 2039 1152 2112 vasis
1169 2040 1253 2111 duae
1269 2041 1420 2137 picturae

305 2149 393 2214 sunt.
445 2138 487 2210 ln
511 2141 623 2237 priore
650 2141 768 2212 mulier
793 2141 931 2212 vestito
938 2166 981 2212 ex
1006 2149 1115 2224 ιιιιιι
1140 2142 1213 2214 solo
1240 2141 1420 2237 agonibus

304 2243 481 2360 prominet,
508 2265 635 2312 sursmn
662 2250 828 2339 spectum,
856 2243 950 2338 quasi
977 2244 1072 2318 viros
1092 2243 1156 2316 duc
1184 2243 1353 2315 barbatos
1359 2239 1421 2312 ad-

261 2435 264 2446 ,
306 2345 438 2440 spiciat,
466 2345 522 2441 qui
548 2353 622 2415 ante
649 2368 720 2414 eam
746 2352 871 2416 stantes
889 2345 1036 2418 sublatos
1052 2345 1188 2418 malleos
1204 2353 1319 2417 tenent
1334 2353 1420 2416 tam·

306 2470 401 2542 quam
427 2469 544 2542 graues
571 2447 657 2517 ictus
683 2446 804 2519 daturi.
855 2447 910 2518 Ad
943 2471 1000 2519 eos
1030 2446 1190 2519 sublatam
1217 2471 1347 2518 manum
1372 2446 1421 2516 si-

304 2548 440 2620 nistram
458 2548 630 2644 porrigere
650 2547 779 2619 videtur
797 2549 926 2640 mulier,
953 2549 1071 2621 dextro
1087 2549 1223 2621 bracbio
1242 2549 1419 2644 pendente.

303 2647 399 2721 Pone
416 2673 487 2720 earn
504 2650 602 2720 arbor
613 2657 680 2749 Ιιιι.
704 2649 801 2722 Haec
815 2651 944 2747 quidem
959 2649 1078 2721 mulier
1092 2651 1211 2722 iustam
1227 2650 1326 2721 babet
1343 2673 1420 2722 cor·

305 2751 404 2848 poris
424 2760 457 2822 ιι
483 2758 628 2822 staturae
653 2775 849 2823 mensuram.
898 2752 1028 2823 Arbore
1043 2751 1248 2824 Welckerus
1262 2751 1420 2824 Tbaliam

306 2851 489 2948 significari
514 2860 620 2948 pntat.
671 2853 724 2924 Ab
751 2854 856 2924 altera
880 2861 974 2950 parte
1000 2877 1085 2951 pene
1110 2878 1129 2926 a
1155 2862 1250 2949 tergo
1271 2853 1420 2924 mulieris

307 2977 410 3024 senex
437 2953 640 3050 conspicitur
664 2954 832 3026 sinistrum
858 2955 1026 3027 brachium
1051 2963 1276 3051 super·cuput
1300 2955 1421 3025 mulie-

306 3055 355 3125 ris
368 3079 495 3125 uersus
523 3055 610 3126 viros
635 3055 719 3127 istos
743 3056 957 3153 protendens,
984 3057 1089 3129 altero
1118 3057 1252 3129 brachio
1269 3065 1419 3146 curvato,

308 3162 343 3227 et
367 3155 501 3228 sinistro
527 3154 611 3253 pede
638 3157 779 3247 sublato,
807 3163 843 3228 ut
868 3159 897 3228 si
918 3158 1126 3254 colloquatur
1147 3183 1220 3230 cnm
1234 3157 1420 3248 iuvenibus,

239 3337 252 3348 ,
308 3278 430 3352 eosque
456 3280 573 3351 magno
601 3281 672 3330 curn
698 3281 820 3355 pavore
848 3268 922 3331 oret
952 3283 993 3330 ne
1020 3283 1091 3331 eum
1117 3259 1273 3355 leniant.¹
1300 3259 1422 3330 Altera

306 3360 449 3455 pictura,
477 3382 572 3455 qnam
597 3360 642 3444 in„
657 3361 786 3456 postica
811 3369 905 3457 purte
932 3361 1019 3433 uasis
1038 3384 1111 3433 esse
1126 3361 1334 3451 Welckorus
1360 3361 1420 3452 ait,

308 3484 420 3531 senem
445 3462 624 3532 tunicatum
651 3485 723 3534 cunr
748 3471 864 3559 petaso
890 3464 925 3534 in
951 3464 1057 3559 capite
1085 3464 1247 3554 ostendit,
1284 3463 1341 3559 qni
1366 3462 1422 3533 lu-

308 3562 400 3633 seina
425 3585 526 3658 supra
551 3572 650 3659 caput
675 3565 803 3637 sublata
828 3565 1057 3636 verberaturus
1073 3565 1202 3638 videtur
1220 3566 1326 3654 virum
1344 3564 1423 3635 bar·

308 3663 418 3735 batum
445 3673 480 3735 et
504 3671 700 3760 petasatum,
728 3666 861 3737 sinistra
887 3665 1039 3738 malleum
1065 3675 1243 3758 tenentem,
1271 3689 1421 3763 expanso

309 3772 416 3834 autern
451 3763 530 3837 dent
516 3774 568 3837 tro
607 3765 741 3838 braclrio
782 3775 983 3840 auertentem
1019 3769 1167 3841 verbera.
1191 3775 1195 3782 “
1228 3769 1283 3840 Ab
1311 3769 1423 3840 ultera

207 3901 209 3910 v
308 3867 439 3960 parte
428 3868 556 3938 novenis
588 3876 654 3939 stat
680 3871 848 3964 galeatos,
883 3871 1077 3967 adspectans
1109 3871 1189 3967 'quid
1215 3871 1323 3944 altero
1348 3869 1422 3961 liat,

175 4037 180 4046 ,
310 3967 429 4036 dextra
455 3969 605 4040 malleum
633 3971 701 4040 ιι
673 3993 776 4070 rpse,
803 3973 936 4043 sinistra
963 3981 1068 4044 antem
1094 3973 1195 4044 fixum
1223 3973 1296 4044 solo
1320 3972 1425 4044 bacn-

310 4067 379 4138 lum
404 4075 532 4140 tenens.
584 4058 725 4144 Caetera
751 4079 784 4142 et
809 4072 859 4142 vir
884 4073 1069 4146 straveris
1095 4074 1174 4147 nudi
1195 4082 1287 4146 snut.

369 4167 537 4241 llar'um
547 4172 762 4291 picturarum
786 4173 878 4263 illa,
891 4197 986 4267 quam
1012 4175 1147 4272 primam
1173 4175 1424 4271 descripsimus,

224 4357 228 4364 Ὺ
277 4270 280 4280 “
311 4267 555 4342 Welckcro
525 4294 594 4347 usa
620 4281 671 4344 ιιι
697 4273 856 4388 originem
883 4276 1056 4348 ostendere
1080 4275 1284 4351 Palicorum.
1332 4273 1427 4349 Nam

310 4373 428 4488 pedem
453 4373 549 4445 nnius
575 4379 706 4464 eornm
698 4374 854 4448 nondum
878 4376 1060 4473 perlectum
1079 4402 1166 4472 esse,
1193 4379 1280 4456 dum
1286 4377 1426 4450 brachia

312 4473 378 4544 iam
400 4497 534 4546 munere
558 4498 618 4592 sno
643 4457 821 4572 fungantur
844 4478 1007 4614 tractandi
1031 4479 1155 4552 mallei.
1204 4479 1317 4553 Mirus
1341 4503 1425 4552 rere
