3070 5048
197 329 201 336 “
318 349 385 418 asc
632 349 685 426 os
705 349 891 413 sescum
911 343 1109 414 sumnus.

317 541 386 594 non
404 524 463 592 'est
487 517 620 591 omnino
645 516 780 614 aliquod
805 539 905 590 sensu
928 516 1112 614 praeditum
1136 524 1255 614 ceputs
1286 517 1325 589 id
1344 520 1434 617 quod

317 621 392 718 ipse
417 619 547 692 uidetur
571 619 673 692 facies
700 620 887 716 uultusque,
912 617 948 691 in
974 609 1039 716 q'uo
1062 641 1125 692 neo
1149 627 1256 690 metus
1282 641 1346 693 nec
1371 621 1434 693 do-

316 723 400 796 loris
425 721 528 792 ullum
554 721 684 818 signnm
700 731 765 810 cst,
792 720 1001 794 confirmare.
1050 718 1143 793 Nihil
1157 721 1353 794 sentente-
1371 745 1435 794 en-

316 833 383 898 tem
410 822 483 920 quis
508 821 625 894 tundat
650 821 799 914 malleis,
835 822 901 896 nisi
926 823 956 895 si
981 828 1038 894 aut
1051 845 1119 911 aes
1145 822 1197 892 uel
1223 821 1347 894 ferrum
1374 825 1433 916 sit,

187 975 189 982 ·
316 933 374 1000 aut
399 924 536 996 materia
560 947 626 996 non
652 931 719 996 tarn
744 924 826 996 dura
851 933 885 996 et
909 924 1030 1020 rigida,
1056 933 1094 996 ut
1113 922 1270 995 dissiliat.
1321 923 1434 996 Vide-

316 1029 437 1100 huntur
462 1051 543 1123 crgo
569 1026 703 1098 iuuenes
728 1026 788 1098 isti
813 1049 886 1098 esso
911 1026 1009 1116 febri,
1036 1026 1092 1122 qui
1118 1026 1171 1097 uel
1196 1047 1239 1097 ex
1265 1025 1356 1098 ferro
1377 1029 1434 1099 rel

316 1153 362 1202 cx
395 1129 461 1200 ulia
492 1125 605 1200 mallei
636 1127 784 1224 patiente
809 1128 946 1200 muteris
978 1127 1123 1224 ingestis
1156 1127 1305 1199 mulieris
1330 1137 1433 1225 capet

314 1227 451 1304 cudant.
501 1227 550 1300 At
574 1228 714 1324 amplius
747 1229 825 1328 quid
852 1227 956 1302 voluit
979 1231 1090 1325 pictor
1115 1228 1320 1324 exprimeres
1355 1253 1433 1300 nam

301 1331 399 1404 'illud
424 1354 466 1403 ne
493 1331 566 1426 quis
592 1330 802 1427 opinaretur,
829 1330 893 1403 dno
920 1330 987 1402 alie
1018 1330 1115 1428 signa
1139 1330 1281 1421 adiecit,
1315 1353 1432 1402 manus

315 1433 463 1506 mulieris
490 1456 533 1503 ex
558 1435 648 1504 terre
673 1433 916 1528 prominentes,
943 1439 977 1504 et
1001 1432 1166 1522 ramulos,
1200 1433 1317 1528 quibus
1342 1432 1432 1504 indi·

312 1541 408 1606 caret
432 1557 520 1608 nunc
544 1533 675 1630 quidem
700 1541 800 1630 caput
823 1534 971 1606 mulieris
996 1533 1072 1608 cudi
1097 1557 1118 1604 a
1142 1533 1258 1624 labris,
1284 1533 1344 1605 sed
1370 1533 1431 1605 dc-

198 1785 203 1791 .
271 1642 826 1841 ruttltlsilhltthtl
842 1633 1430 1834 ,ltlht‘ti³llttl'⁰³mltt

312 1848 386 1911 est:
419 1863 555 1935 eamque
580 1839 639 1910 vix
664 1838 806 1912 dubitari
831 1838 955 1936 poterit
986 1839 1065 1935 quin
1089 1839 1199 1935 pictor
1223 1861 1267 1910 ex
1292 1835 1430 1936 Sophe-

314 1941 378 2012 clis
402 1941 514 2011 lahela
540 1940 683 2035 satyrice
708 1942 898 2037 sumpserit.
948 1939 1238 2039 Opportunissime
1264 1941 1353 2012 eninr
1371 1963 1429 2012 ac·

315 2040 416 2131 cidit,
443 2049 497 2128 ut,
526 2065 621 2136 quam
647 2040 705 2112 elii
730 2042 925 2138 simpliciter
949 2042 1136 2114 Pandoram
1161 2037 1343 2136 Sophoclis
1367 2064 1430 2112 vo-

314 2150 410 2234 cant,
447 2141 519 2212 eius
550 2142 661 2237 plene·
679 2142 858 2238 inscriptio
886 2151 1017 2216 servata
1048 2144 1093 2214 sit
1126 2143 1166 2213 ah
1194 2141 1361 2238 disspolio
1391 2143 1428 2214 in

311 2237 541 2336 κεχήλωμαι,
579 2237 775 2338 Πανδώρα
799 2239 824 2339 ἢ
849 2238 1105 2341 Σφυροκόποι.
1155 2243 1252 2316 Haec
1276 2245 1351 2340 ipsa
1374 2245 1429 2315 in-

313 2345 451 2441 scriptio
477 2344 601 2440 prodit,
628 2343 775 2416 Vulcani
799 2346 967 2419 ministros
992 2347 1053 2418 illa
1077 2346 1113 2427 in
1137 2344 1249 2418 fabula
1274 2345 1427 2418 introdu-

309 2453 387 2518 ctos
413 2469 500 2537 csse,
528 2447 584 2542 qui
609 2446 767 2519 cuderent
783 2446 988 2520 Pandoram:
1022 2471 1128 2544 neque
1145 2447 1341 2520 incredibile
1361 2456 1427 2538 est,

311 2548 412 2620 ctiam
435 2549 604 2643 ingentem
627 2549 720 2620 illam
745 2548 882 2621 formam
907 2551 948 2620 ab
961 2547 1132 2647 Sophocle
1153 2571 1228 2620 esse
1245 2549 1426 2644 inventam,
1491 2591 1494 2598 =

310 2650 456 2745 etipsa
487 2653 599 2748 specie
632 2658 807 2747 appareret
839 2660 995 2748 quantum
1025 2651 1146 2722 malum
1178 2658 1269 2722 esset
1294 2651 1427 2723 mulier.

310 2749 457 2824 Videtur
482 2759 591 2824 autem
615 2760 717 2850 poeta
728 2751 913 2826 Hesiodum
938 2760 1095 2850 sequutus
1111 2775 1199 2846 esse,
1226 2753 1315 2848 apud
1330 2777 1427 2849 quern

310 2875 410 2948 quum
436 2851 610 2926 Vulcanus
641 2853 752 2928 iussus
784 2862 873 2927 essct
904 2857 1019 2956 peior
1049 2851 1133 2928 rides
1164 2849 1319 2952 φύρειν,
1351 2855 1426 2950 ipse

308 2953 463 3050 scripsitr
496 3039 503 3044 ,
585 3047 589 3054 ¹

435 3101 500 3178 καὶ
523 3109 674 3202 πρῶτον
698 3101 817 3202 ἀρχὸν
841 3083 958 3202 rupida
982 3101 1155 3208 tpyd'gou
1175 3101 1311 3206 χεροῖν,

308 3255 398 3354 quod
430 3256 648 3353 fragmentum
680 3258 825 3330 serravit
856 3259 1053 3332 scholiastes
1085 3258 1301 3358 Hippocratis
1334 3257 1424 3354 apud

307 3357 467 3431 Foesium
491 3359 527 3430 in
552 3355 758 3432 Oeconomia
782 3384 815 3433 v,
841 3359 1029 3462 ὄργασμὸς
1059 3369 1095 3434 et
1125 3362 1161 3433 in
1185 3359 1318 3434 Mackii
1350 3359 1423 3430 cdi-

307 3460 400 3558 tiope
431 3459 649 3558 Hippocratis
681 3461 750 3533 vol.
775 3459 808 3533 Ι.
840 3487 877 3560 p.
903 3467 966 3538 82.
1018 3462 1175 3560 'Utroque
1207 3464 1283 3534 icco
1303 3485 1421 3557 pravo

306 3569 449 3634 accentu
473 3561 590 3658 ἄρχον
614 3563 786 3659 scriptum.
836 3563 1055 3657 Ruhnkcnius
1073 3589 1170 3661 quum
1185 3564 1227 3636 ad
1245 3563 1423 3636 Timaeum

309 3660 389 3735 olim
415 3661 534 3764 ἀργὸν
558 3666 778 3758 correxisset,
810 3665 846 3738 in
871 3666 977 3739 altera
1001 3666 1144 3738 editione
1169 3691 1205 3762 p.
1233 3667 1321 3740 180.
1348 3687 1422 3738 cum

307 3761 414 3836 Porto
429 3767 607 3862 ‘praetulit
623 3765 759 3860 ἄρχου.
803 3765 938 3864 'Awgin'
962 3767 1039 3840 tuiti
1066 3767 1362 3840 sunt-Huschkius
1384 3766 1422 3838 in

308 3865 541 3940 dissertatione
576 3867 617 3940 d‘e
649 3867 770 3940 fabulis
801 3867 1016 3962 Archilochi,
1052 3893 1150 3966 quum
1180 3869 1226 3940 A.
1251 3867 1421 3941 Matthiae

307 3968 448 4040 inscruit
472 3969 629 4042 volumini
644 3967 676 4041 I.
701 3968 993 4044 Miscellanecrum
1009 3971 1299 4069 philologiccrum,
1326 3995 1363 4068 p.
1380 3972 1422 4044 4.

77 4126 79 4132 ,
132 4147 134 4152 ,
254 4099 261 4138 ι
307 4077 343 4140 et
367 4068 411 4143 C.
436 4067 484 4141 L.
510 4068 665 4157 Strnvius
694 4071 729 4143 in
753 4081 996 4168 programmate
1021 4073 1110 4147 edito
1137 4097 1168 4144 a.
1196 4073 1309 4150 1821.
1360 4070 1421 4144 Ex

306 4171 378 4243 luto
403 4171 507 4269 igitur
531 4174 748 4268 compositum
773 4177 826 4244 ost
849 4173 939 4247 istud
963 4176 1105 4248 irnmenc
1131 4182 1230 4272 ceput
1253 4173 1420 4265 mulieris,

307 4271 396 4370 quod
434 4272 562 4345 melleis
593 4273 663 4346 snis
696 4273 837 4346 ministri
868 4274 1028 4348 Vulcanii
1061 4277 1097 4349 in
1129 4277 1249 4350 iustam
1278 4277 1422 4347 formam

303 4369 535 4470 compingunt.
583 4371 715 4448 Chorus
731 4384 848 4450 utrum
873 4400 918 4450 cx
933 4375 1064 4474 Satyris
1088 4378 1203 4470 luerit,
1229 4402 1272 4451 an
1295 4399 1340 4450 ex
1364 4375 1422 4448 la-
