3070 5048
239 313 242 328 ’
323 347 325 352 ’
398 361 449 422 nu
469 343 655 428 cessurus
673 305 960 474 nsueuos'rosm
1167 357 1229 427 aar

124 524 289 608 δίσκους
338 522 408 619 τὴν
438 480 621 650 κόσμησιν
650 523 719 621 τὴν
749 505 848 600 acub
877 523 922 602 τὸ
951 525 1121 622 μίιιιιιιοι
1151 534 1231 606 τῶιι

119 628 257 702 ἵππων.
296 625 392 723 ητα
416 619 577 744 paululum
601 623 865 722 σκεπάσματα.

222 728 335 804 Multo
362 729 466 824 magis
493 729 574 800 mira
599 739 697 825 atque
715 729 922 820 incredibilia
937 740 1049 802 narrat
1065 726 1232 802 Welcke-
1276 753 1279 760 ’

120 855 197 922 ιιι,
215 855 328 926 -quum
348 828 511 903 describit
536 837 655 902 statum
683 839 716 904 et
741 841 854 927 gestus
880 830 1121 921 dimicantium,
1148 853 1231 925 quae

119 933 295 1029 praeteriri
321 932 424 1004 satius
449 942 515 1021 est.
571 929 612 1004 In
640 932 726 1004 vasis
758 933 896 1028 aliisque
928 931 1090 1004 artificum
1115 955 1233 1003 monu-

120 1034 239 1105 mentis
265 1032 403 1128 sipicti
428 1039 504 1104 sunt
528 1042 713 1128 pugnantes
737 1032 895 1107 Memnon
921 1041 956 1106 et
975 1032 1139 1122 Achilles,
1164 1055 1232 1110 nott

120 1135 269 1231 sequitur
301 1157 465 1230 pugnasse
492 1157 551 1206 eos
582 1135 618 1207 in
643 1158 761 1225 scene,
802 1135 875 1208 dum
910 1134 951 1206 de
976 1135 1068 1206 exitu
1100 1125 1230 1230 pugnae

119 1236 340 1308 deliberarent
366 1235 424 1306 dii.
473 1233 558 1306 Nam
584 1236 717 1311 lictores
744 1245 777 1308 et
793 1236 938 1334 pictores
956 1235 1085 1332 figuris,
1111 1243 1231 1331 poetae

122 1337 229 1410 uerbis
254 1338 455 1432 loquuntur:
482 1345 638 1434 utrosque
664 1339 857 1428 uideremus,
884 1338 913 1410 si
938 1338 1036 1408 alteri
1048 1338 1232 1409 alterorum

118 1448 190 1510 arte
232 1439 342 1534 potins
379 1459 475 1533 quam
507 1461 567 1509 sua
599 1463 804 1512 commovere
836 1463 873 1511 se
906 1439 1031 1510 animos
1064 1439 1231 1512 bominum

116 1563 219 1637 posse
245 1547 430 1636 sperarent.
486 1537 672 1634 Aeschylus
705 1541 836 1636 quidem
860 1540 942 1611 bene
968 1540 1111 1630 sciebat,
1148 1555 1231 1635 qnae

31 1637 34 1651 '
116 1641 322 1714 relerrentur
347 1640 386 1712 ab
412 1639 542 1712 nunciis
566 1641 669 1712 multo
692 1641 859 1714 ellicacius
875 1639 1134 1731 admirationem,
1161 1664 1232 1712 nne·

117 1751 201 1831 tum,
228 1742 397 1814 borrorem
416 1741 576 1831 excitare,
604 1764 699 1836 qnam
725 1766 808 1839 quae
827 1742 931 1820 oculis
949 1741 1127 1837 spectanda
1152 1741 1232 1812 sub-¹

116 1845 310 1914 iicerentur.
361 1840 480 1938 Itaque
512 1866 553 1913 ne
578 1841 714 1914 Aiacem
748 1842 877 1938 quidem
902 1843 936 1914 in
963 1866 1061 1914 scena
1086 1841 1232 1914 merien-
1318 1845 1321 1848 ’

117 1953 185 2018 tem
211 1943 303 2032 feeit,
331 1943 418 2040 quod
443 1952 559 2038 postea
585 1969 650 2018 non
674 1945 766 2040 prius
796 1945 864 2016 viso
889 1953 1010 2018 conatu
1034 1944 1144 2017 lacere
1171 1967 1232 2014 an-

119 2069 176 2118 sus
209 2043 493 2140 astsopbocles:
531 2045 571 2116 de
605 2070 667 2141 quo
703 2046 787 2118 dixit
821 2046 1016 2120 scholiastes
1050 2044 1089 2115 ad
1115 2044 1231 2116 Aiacis

118 2171 153 2219 u.
179 2149 267 2226 815.
317 2147 365 2227 At
389 2147 423 2218 in
449 2145 683 2240 Psycbostasia
708 2156 837 2237 tamen,
871 2147 1005 2219 obiiciat
1031 2147 1170 2242 aliquis,
1196 2145 1232 2218 in

119 2256 332 2344 conspectum
357 2246 515 2343 produxit
539 2248 737 2340 Aeschylus,
765 2249 851 2343 qnod
878 2249 1129 2344 uix1quisquam
1157 2247 1233 2343 opi·
1312 2251 1314 2264 '

118 2357 216 2422 natus
242 2356 343 2438 esset,
317 2348 450 2418 tdeos
471 2347 594 2418 animas
613 2348 746 2418 heroum
768 2348 1001 2442 ponderantes.
1053 2347 1230 2419 Proiecto:

119 2473 233 2522 verum
257 2473 324 2520 non
349 2455 386 2518 ut
412 2454 622 2518 cernerentur
647 2456 784 2538 tantum,
812 2447 870 2519 sed
895 2456 932 2518 ut
956 2449 1055 2519 etiam
1077 2447 1232 2540 audiren-

119 2561 188 2624 tur.
245 2547 314 2621 Hie
345 2572 424 2619 vero
458 2548 655 2620 contrarium
689 2571 728 2619 ao
760 2569 861 2644 supra
892 2547 973 2620 lacit
1004 2530 1229 2620 Welekerus.

119 2659 222 2748 negat
247 2675 283 2722 se
310 2650 444 2721 credere
479 2649 601 2720 deos
591 2672 624 2718 ιιι
651 2671 775 2740 summo
809 2671 926 2720 scenae
952 2649 1028 2720 loco
1055 2648 1281 2722 verbale-10
1408 2684 1414 2702 1

120 2755 222 2839 cisse,
248 2759 282 2822 et
308 2750 490 2823 certissime
515 2748 722 2839 nonIovem,
748 2773 769 2820 a
794 2751 887 2821 cnins
908 2749 943 2820 id
965 2751 1133 2822 maiestate
1149 2751 1233 2820 ulie-
1364 2763 1367 2766 ’
1437 2790 1443 2804 κ

119 2879 198 2928 num
223 2852 365 2941 iudicat3
392 2851 473 2923 sutis
498 2849 601 2922 fuisse
627 2858 724 2947 gestu
749 2851 826 2922 deas
849 2849 1073 2947 supplicantes
1091 2849 1232 2924 ostentu

120 2955 234 3051 Negat
258 2978 352 3050 ergo,
378 2953 466 3049 quod
492 2961 646 3029 testatum
671 2961 723 3026 est
748 2977 768 3026 a
791 2951 952 3044 Polluce,
987 2954 1042 3050 qui
1068 2953 1124 3024 ubi
1149 2975 1234 3050 quae

106 3057 212 3145 ,lacta
238 3065 313 3128 sunt
337 3056 453 3146 relect,
485 3055 636 3151 quoniam
661 3078 701 3126 oa
726 3079 806 3127 non
817 3056 926 3174 potuit
950 3055 1014 3126 nisi
1039 3055 1079 3128 ab
1104 3053 1234 3128 idoneis

122 3159 314 3230 auctoribus
336 3159 508 3252 accipere,
533 3181 608 3282 pon
642 3164 694 3228 est
729 3159 852 3228 erroris
878 3166 1066 3253 suspectus
1124 3153 1161 3230 Ιι
1186 3157 1235 3228 ita

123 3260 241 3331 scribit
266 3256 333 3328 IV.
363 3261 446 3332 130.
481 3255 553 3330 ἀπὸ
586 3253 626 3330 dd
652 3255 978 3381 τοῦθεολογείου,
1011 3253 1233 3352 dornetiaco

122 3357 194 3454 τὴν
220 3353 377 3452 canopo,
412 3360 452 3430 ἐν
483 3355 571 3452 limet
597 3355 854 3452 ἐπιφαίνονται
879 3355 981 3447 θεοί,
1019 3357 1069 3440 ὥς
1094 3356 1113 3431 ὁ
1139 3355 1235 3438 Ζεὺς

124 3458 189 3540 καὶ
214 3457 248 3532 oi
273 3457 355 3554 περὶ
381 3455 497 3532 αὐτὸν
521 3459 562 3530 ἐν
583 3456 828 3553 Ψυχοστασίᾳ.
880 3459 946 3550 Qui
972 3461 1054 3530 boec
1069 3481 1145 3530 vera
1159 3481 1232 3530 esse

124 3587 193 3636 nou
219 3559 344 3651 eredit,
379 3559 645 3650 wolckerus,
634 3584 667 3629 nn
694 3560 881 3632 terram-de
906 3561 998 3632 caelo
1025 3559 1234 3632 descendisse

40 3695 42 3700 ·
89 3725 95 3732 .
127 3665 208 3738 deos
234 3670 327 3758 putet
353 3685 488 3733 neeesse
514 3668 575 3734 est.
632 3658 711 3732 Hoc
736 3685 813 3732 vero
839 3662 954 3734 urinum
981 3669 1033 3732 est
1057 3674 1154 3756 atque
1179 3662 1234 3732 in-
1374 3725 1378 3734 ,

128 3765 305 3854 credibile,
342 3762 468 3836 caelum
501 3769 534 3834 et
567 3783 649 3857 quae
680 3762 716 3832 in
748 3762 842 3836 caelo
873 3763 961 3834 inter
992 3763 1073 3838 deos
1105 3763 1233 3863 agenda
1297 3779 1299 3784 ’
1342 3808 1352 3857 ,¹

38 3933 40 3944 .
128 3874 235 3966 erant,
262 3873 296 3938 et
301 3864 407 3982 'apud
430 3861 623 3952 Homerum,
650 3863 770 3958 quiea
793 3863 982 3958 praeivit,
972 3889 1007 3935 nu
1032 3865 1125 3938 caelo
1151 3887 1233 3960 age·

10 4041 12 4046 ,
128 3953 309 4058 bantur,
299 3991 334 4036 nn
366 3976 485 4037 terram
518 3972 552 4036 et
577 3962 683 4036 media
714 3965 802 4036 inter
826 3965 989 4040 bominum
1015 3968 1148 4062 negotia
1172 3966 1233 4036 de·
1350 4029 1355 4042 ,

129 4066 236 4142 trudi.
269 4065 385 4140 eodem
410 4068 495 4140 enirn
520 4065 555 4136 in
580 4066 655 4141 loeo
678 4065 774 4138 simul
791 4067 930 4161 pugnari
947 4071 1052 4162 putat.
1101 4066 1233 4139 Permi-

86 4223 89 4230 .
128 4191 203 4243 rum
227 4159 297 4258 est,
331 4167 418 4264 qnod
451 4169 516 4257 ait,
551 4190 699 4263 pugnam
723 4170 965 4263 repraesentari
980 4169 1137 4265 potuisse
1161 4167 1234 4238 sine

130 4269 186 4360 iis,
224 4291 306 4364 quae
330 4269 366 4340 in
390 4271 458 4343 alto
485 4278 678 4364 agerentur3
711 4293 777 4342 nou
801 4271 948 4366 potuisse
974 4279 1081 4354 autern
1106 4265 1233 4364 pondo-

83 4417 90 4430 ·
131 4369 200 4444 nari
224 4368 348 4444 animas
372 4371 443 4442 sine
467 4393 592 4468 pugna.
650 4367 736 4442 Nam
766 4379 804 4446 ut
835 4378 962 4447 taceam
990 4394 1057 4444 nnn
1081 4367 1232 4444 debuisse
