<?xml version="1.0" encoding="UTF-8"?>
<!DOCTYPE html PUBLIC "-//W3C//DTD XHTML 1.0 Transitional//EN"
    "http://www.w3.org/TR/xhtml1/DTD/xhtml1-transitional.dtd">
<html xmlns="http://www.w3.org/1999/xhtml" xml:lang="en" lang="en">
 <head>
  <title>
</title>
<meta http-equiv="Content-Type" content="text/html;charset=utf-8" />
  <meta name='ocr-system' content='tesseract 3.04.00' />
  <meta name='ocr-capabilities' content='ocr_page ocr_carea ocr_par ocr_line ocrx_word'/>
</head>
<body>
  <div class='ocr_page' id='page_1' title='image "./opuscula05hermgoog_0252.png"; bbox 0 0 3076 5046; ppageno 0'>
   <div class='ocr_carea' id='block_1_1' title="bbox 432 346 1254 442">
    <p class='ocr_par' dir='ltr' id='par_1_1' title="bbox 432 346 1254 442">
     <span class='ocr_line' id='line_1_1' title="bbox 432 346 1254 442; baseline 0.009 -34"><span class='ocrx_word' id='word_1_1' title='bbox 432 420 466 442; x_wconf 25' lang='grc' dir='ltr'><strong>Ι,</strong></span> <span class='ocrx_word' id='word_1_2' title='bbox 540 347 597 408; x_wconf 84' lang='lat' dir='ltr'><strong>on</strong></span> <span class='ocrx_word' id='word_1_3' title='bbox 628 346 870 416; x_wconf 75' lang='lat' dir='ltr'><strong>aroanna</strong></span> <span class='ocrx_word' id='word_1_4' title='bbox 1190 353 1254 422; x_wconf 76' lang='lat' dir='ltr'><strong>sus</strong></span> 
     </span>
    </p>
   </div>
   <div class='ocr_carea' id='block_1_2' title="bbox 67 506 1364 2742">
    <p class='ocr_par' dir='ltr' id='par_1_2' title="bbox 67 506 1364 2742">
     <span class='ocr_line' id='line_1_2' title="bbox 140 506 1356 617; baseline 0.012 -34"><span class='ocrx_word' id='word_1_5' title='bbox 140 513 251 586; x_wconf 26' lang='lat' dir='ltr'><strong>fusoni</strong></span> <span class='ocrx_word' id='word_1_6' title='bbox 268 514 452 610; x_wconf 76' lang='lat' dir='ltr'><strong>oportuitz&#39;</strong></span> <span class='ocrx_word' id='word_1_7' title='bbox 473 537 548 586; x_wconf 89' lang='lat' dir='ltr'><strong>nam</strong></span> <span class='ocrx_word' id='word_1_8' title='bbox 573 514 691 588; x_wconf 82' lang='lat' dir='ltr'><strong>relicto</strong></span> <span class='ocrx_word' id='word_1_9' title='bbox 716 519 882 592; x_wconf 85' lang='lat' dir='ltr'><strong>communi·</strong></span> <span class='ocrx_word' id='word_1_10' title='bbox 903 506 1077 616; x_wconf 84' lang='lat' dir='ltr'><strong>opinione,</strong></span> <span class='ocrx_word' id='word_1_11' title='bbox 1104 545 1187 617; x_wconf 83' lang='lat' dir='ltr'><strong>quae</strong></span> <span class='ocrx_word' id='word_1_12' title='bbox 1211 523 1252 598; x_wconf 77' lang='lat' dir='ltr'><strong>ab</strong></span> <span class='ocrx_word' id='word_1_13' title='bbox 1352 551 1356 558; x_wconf 89' lang='lat'><strong>·</strong></span> 
     </span>
     <span class='ocr_line' id='line_1_3' title="bbox 140 615 1251 717; baseline 0.007 -30"><span class='ocrx_word' id='word_1_14' title='bbox 140 616 279 704; x_wconf 76' lang='lat' dir='ltr'><strong>Atlante</strong></span> <span class='ocrx_word' id='word_1_15' title='bbox 302 616 378 712; x_wconf 89' lang='lat' dir='ltr'><strong>ipso</strong></span> <span class='ocrx_word' id='word_1_16' title='bbox 404 615 530 688; x_wconf 84' lang='lat' dir='ltr'><strong>eaelum</strong></span> <span class='ocrx_word' id='word_1_17' title='bbox 556 626 741 715; x_wconf 85' lang='lat' dir='ltr'><strong>terramque</strong></span> <span class='ocrx_word' id='word_1_18' title='bbox 758 619 913 712; x_wconf 82' lang='lat' dir='ltr'><strong>sustineri</strong></span> <span class='ocrx_word' id='word_1_19' title='bbox 931 621 1014 712; x_wconf 84' lang='lat' dir='ltr'><strong>vult,</strong></span> <span class='ocrx_word' id='word_1_20' title='bbox 1041 623 1163 695; x_wconf 80' lang='lat' dir='ltr'><strong>cecinit</strong></span> <span class='ocrx_word' id='word_1_21' title='bbox 1177 623 1251 717; x_wconf 86' lang='lat' dir='ltr'><strong>iila,</strong></span> 
     </span>
     <span class='ocr_line' id='line_1_4' title="bbox 141 717 1343 817; baseline 0.007 -29"><span class='ocrx_word' id='word_1_22' title='bbox 141 717 387 814; x_wconf 78' lang='lat' dir='ltr'><strong>quassantia</strong></span> <span class='ocrx_word' id='word_1_23' title='bbox 413 717 518 815; x_wconf 88' lang='lat' dir='ltr'><strong>primo</strong></span> <span class='ocrx_word' id='word_1_24' title='bbox 544 719 629 790; x_wconf 89' lang='lat' dir='ltr'><strong>libro</strong></span> <span class='ocrx_word' id='word_1_25' title='bbox 656 717 839 815; x_wconf 78' lang='lat' dir='ltr'><strong>Odysseae.</strong></span> <span class='ocrx_word' id='word_1_26' title='bbox 889 721 1028 817; x_wconf 79' lang='lat' dir='ltr'>Duplex</span> <span class='ocrx_word' id='word_1_27' title='bbox 1057 723 1092 794; x_wconf 92' lang='lat' dir='ltr'><strong>in</strong></span> <span class='ocrx_word' id='word_1_28' title='bbox 1117 724 1170 796; x_wconf 83' lang='lat' dir='ltr'><strong>iis</strong></span> <span class='ocrx_word' id='word_1_29' title='bbox 1195 749 1252 798; x_wconf 85' lang='lat' dir='ltr'><strong>er·</strong></span> <span class='ocrx_word' id='word_1_30' title='bbox 1339 763 1343 770; x_wconf 85' lang='lat'><em>·</em></span> 
     </span>
     <span class='ocr_line' id='line_1_5' title="bbox 119 816 1250 915; baseline 0.008 -25"><span class='ocrx_word' id='word_1_31' title='bbox 119 831 199 890; x_wconf 72' lang='lat' dir='ltr'><strong>‘ror</strong></span> <span class='ocrx_word' id='word_1_32' title='bbox 223 825 287 890; x_wconf 90' lang='lat' dir='ltr'><strong>est.</strong></span> <span class='ocrx_word' id='word_1_33' title='bbox 338 816 486 890; x_wconf 81' lang='lat' dir='ltr'><strong>Priunnm</strong></span> <span class='ocrx_word' id='word_1_34' title='bbox 511 820 617 912; x_wconf 85' lang='lat' dir='ltr'><strong>enim,</strong></span> <span class='ocrx_word' id='word_1_35' title='bbox 645 822 741 915; x_wconf 86' lang='lat' dir='ltr'><strong>quum</strong></span> <span class='ocrx_word' id='word_1_36' title='bbox 767 821 916 897; x_wconf 85' lang='lat' dir='ltr'><strong>Hesiodo</strong></span> <span class='ocrx_word' id='word_1_37' title='bbox 943 824 1070 896; x_wconf 82' lang='lat' dir='ltr'><strong>fabulas</strong></span> <span class='ocrx_word' id='word_1_38' title='bbox 1096 848 1250 899; x_wconf 86' lang='lat' dir='ltr'><strong>enarrare</strong></span> 
     </span>
     <span class='ocr_line' id='line_1_6' title="bbox 138 919 1250 1022; baseline 0.007 -30"><span class='ocrx_word' id='word_1_39' title='bbox 138 921 345 1018; x_wconf 82' lang='lat' dir='ltr'><strong>propositum</strong></span> <span class='ocrx_word' id='word_1_40' title='bbox 370 919 483 1012; x_wconf 85' lang='lat' dir='ltr'><strong>fuerit,</strong></span> <span class='ocrx_word' id='word_1_41' title='bbox 508 920 675 994; x_wconf 78' lang='lat' dir='ltr'><strong>Homerus</strong></span> <span class='ocrx_word' id='word_1_42' title='bbox 701 933 827 1016; x_wconf 90' lang='lat' dir='ltr'><strong>entem,</strong></span> <span class='ocrx_word' id='word_1_43' title='bbox 855 925 1100 1022; x_wconf 80' lang='lat' dir='ltr'><strong>opportunitate</strong></span> <span class='ocrx_word' id='word_1_44' title='bbox 1126 928 1250 1020; x_wconf 80' lang='lat' dir='ltr'><strong>oblate,</strong></span> 
     </span>
     <span class='ocr_line' id='line_1_7' title="bbox 136 1022 1250 1127; baseline 0.007 -33"><span class='ocrx_word' id='word_1_45' title='bbox 136 1022 362 1095; x_wconf 84' lang='lat' dir='ltr'><strong>¹tantummodo</strong></span> <span class='ocrx_word' id='word_1_46' title='bbox 376 1031 471 1118; x_wconf 90' lang='lat' dir='ltr'><strong>parte</strong></span> <span class='ocrx_word' id='word_1_47' title='bbox 488 1022 618 1095; x_wconf 81' lang='lat' dir='ltr'><strong>fabulae</strong></span> <span class='ocrx_word' id='word_1_48' title='bbox 640 1025 685 1096; x_wconf 91' lang='lat' dir='ltr'><strong>sit</strong></span> <span class='ocrx_word' id='word_1_49' title='bbox 700 1049 791 1116; x_wconf 89' lang='lat' dir='ltr'><strong>usus,</strong></span> <span class='ocrx_word' id='word_1_50' title='bbox 818 1027 909 1098; x_wconf 87' lang='lat' dir='ltr'><strong>nulla</strong></span> <span class='ocrx_word' id='word_1_51' title='bbox 926 1049 1042 1099; x_wconf 89' lang='lat' dir='ltr'><strong>caussa</strong></span> <span class='ocrx_word' id='word_1_52' title='bbox 1057 1036 1120 1118; x_wconf 91' lang='lat' dir='ltr'><strong>est,</strong></span> <span class='ocrx_word' id='word_1_53' title='bbox 1149 1053 1250 1127; x_wconf 84' lang='lat' dir='ltr'><strong>quaro</strong></span> 
     </span>
     <span class='ocr_line' id='line_1_8' title="bbox 137 1123 1249 1222; baseline 0.01 -29"><span class='ocrx_word' id='word_1_54' title='bbox 137 1123 212 1219; x_wconf 80' lang='lat' dir='ltr'><strong>quis</strong></span> <span class='ocrx_word' id='word_1_55' title='bbox 235 1124 423 1214; x_wconf 82' lang='lat' dir='ltr'><strong>contendat,</strong></span> <span class='ocrx_word' id='word_1_56' title='bbox 449 1125 644 1198; x_wconf 87' lang='lat' dir='ltr'><strong>sententiam</strong></span> <span class='ocrx_word' id='word_1_57' title='bbox 665 1126 794 1202; x_wconf 82' lang='lat' dir='ltr'><strong>fabulae</strong></span> <span class='ocrx_word' id='word_1_58' title='bbox 810 1129 955 1222; x_wconf 74' lang='lat' dir='ltr'><strong>ignotam</strong></span> <span class='ocrx_word' id='word_1_59' title='bbox 970 1128 1073 1202; x_wconf 84' lang='lat' dir='ltr'><strong>fuisse</strong></span> <span class='ocrx_word' id='word_1_60' title='bbox 1089 1129 1249 1204; x_wconf 90' lang='lat' dir='ltr'><strong>Homero.</strong></span> 
     </span>
     <span class='ocr_line' id='line_1_9' title="bbox 139 1218 1248 1326; baseline 0.007 -29"><span class='ocrx_word' id='word_1_61' title='bbox 139 1223 249 1297; x_wconf 82' lang='lat' dir='ltr'><strong>Gredo</strong></span> <span class='ocrx_word' id='word_1_62' title='bbox 276 1225 405 1321; x_wconf 87' lang='lat' dir='ltr'><strong>quidem</strong></span> <span class='ocrx_word' id='word_1_63' title='bbox 431 1250 494 1322; x_wconf 75' lang='lat' dir='ltr'><strong>ego</strong></span> <span class='ocrx_word' id='word_1_64' title='bbox 520 1251 662 1323; x_wconf 80' lang='lat' dir='ltr'><strong>quoque,</strong></span> <span class='ocrx_word' id='word_1_65' title='bbox 688 1218 837 1326; x_wconf 63' lang='lat' dir='ltr'><strong>ignotam</strong></span> <span class='ocrx_word' id='word_1_66' title='bbox 853 1231 884 1302; x_wconf 90' lang='lat' dir='ltr'><strong>ei</strong></span> <span class='ocrx_word' id='word_1_67' title='bbox 905 1231 1026 1302; x_wconf 81' lang='lat' dir='ltr'><strong>fuisse:</strong></span> <span class='ocrx_word' id='word_1_68' title='bbox 1053 1255 1163 1302; x_wconf 87' lang='lat' dir='ltr'><strong>verum</strong></span> <span class='ocrx_word' id='word_1_69' title='bbox 1182 1257 1248 1306; x_wconf 92' lang='lat' dir='ltr'><strong>non</strong></span> 
     </span>
     <span class='ocr_line' id='line_1_10' title="bbox 136 1327 1248 1427; baseline 0.008 -30"><span class='ocrx_word' id='word_1_70' title='bbox 136 1335 275 1424; x_wconf 87' lang='lat' dir='ltr'><strong>propter</strong></span> <span class='ocrx_word' id='word_1_71' title='bbox 299 1328 378 1417; x_wconf 88' lang='lat' dir='ltr'><strong>ilia,</strong></span> <span class='ocrx_word' id='word_1_72' title='bbox 405 1351 488 1422; x_wconf 89' lang='lat' dir='ltr'><strong>quae</strong></span> <span class='ocrx_word' id='word_1_73' title='bbox 515 1327 555 1399; x_wconf 90' lang='lat' dir='ltr'><strong>de</strong></span> <span class='ocrx_word' id='word_1_74' title='bbox 582 1353 621 1400; x_wconf 92' lang='lat' dir='ltr'><strong>ea</strong></span> <span class='ocrx_word' id='word_1_75' title='bbox 646 1329 765 1421; x_wconf 84' lang='lat' dir='ltr'><strong>refert,</strong></span> <span class='ocrx_word' id='word_1_76' title='bbox 793 1332 851 1403; x_wconf 91' lang='lat' dir='ltr'><strong>sed</strong></span> <span class='ocrx_word' id='word_1_77' title='bbox 878 1329 964 1427; x_wconf 86' lang='lat' dir='ltr'><strong>quod</strong></span> <span class='ocrx_word' id='word_1_78' title='bbox 991 1332 1073 1403; x_wconf 86' lang='lat' dir='ltr'>nihil</span> <span class='ocrx_word' id='word_1_79' title='bbox 1099 1342 1162 1425; x_wconf 89' lang='lat' dir='ltr'><strong>est,</strong></span> <span class='ocrx_word' id='word_1_80' title='bbox 1189 1357 1248 1406; x_wconf 83' lang='lat' dir='ltr'><strong>cur</strong></span> 
     </span>
     <span class='ocr_line' id='line_1_11' title="bbox 136 1429 1247 1525; baseline 0.002 -25"><span class='ocrx_word' id='word_1_81' title='bbox 136 1451 212 1500; x_wconf 88' lang='lat' dir='ltr'><strong>enm</strong></span> <span class='ocrx_word' id='word_1_82' title='bbox 238 1429 344 1501; x_wconf 89' lang='lat' dir='ltr'><strong>minus</strong></span> <span class='ocrx_word' id='word_1_83' title='bbox 371 1429 537 1500; x_wconf 87' lang='lat' dir='ltr'><strong>credulum</strong></span> <span class='ocrx_word' id='word_1_84' title='bbox 564 1453 660 1525; x_wconf 89' lang='lat' dir='ltr'><strong>quam</strong></span> <span class='ocrx_word' id='word_1_85' title='bbox 686 1456 812 1503; x_wconf 89' lang='lat' dir='ltr'><strong>omnem</strong></span> <span class='ocrx_word' id='word_1_86' title='bbox 841 1430 1016 1505; x_wconf 79' lang='lat' dir='ltr'><strong>Graeciam</strong></span> <span class='ocrx_word' id='word_1_87' title='bbox 1043 1433 1146 1506; x_wconf 87' lang='lat' dir='ltr'><strong>fnisse</strong></span> <span class='ocrx_word' id='word_1_88' title='bbox 1172 1435 1247 1506; x_wconf 60' lang='lat' dir='ltr'><strong>exi«</strong></span> 
     </span>
     <span class='ocr_line' id='line_1_12' title="bbox 135 1530 1268 1632; baseline 0.006 -31"><span class='ocrx_word' id='word_1_89' title='bbox 135 1530 284 1601; x_wconf 76' lang='lat' dir='ltr'><strong>stimeme</strong></span> <span class='ocrx_word' id='word_1_90' title='bbox 319 1530 415 1625; x_wconf 86' lang='lat' dir='ltr'><strong>quin,</strong></span> <span class='ocrx_word' id='word_1_91' title='bbox 442 1530 471 1602; x_wconf 91' lang='lat' dir='ltr'><strong>si</strong></span> <span class='ocrx_word' id='word_1_92' title='bbox 498 1532 551 1601; x_wconf 83' lang='lat' dir='ltr'><strong>vel</strong></span> <span class='ocrx_word' id='word_1_93' title='bbox 576 1532 717 1602; x_wconf 86' lang='lat' dir='ltr'><strong>maxime</strong></span> <span class='ocrx_word' id='word_1_94' title='bbox 744 1541 951 1628; x_wconf 90' lang='lat' dir='ltr'><strong>perspectum</strong></span> <span class='ocrx_word' id='word_1_95' title='bbox 976 1534 1143 1606; x_wconf 79' lang='lat' dir='ltr'><strong>habuisset</strong></span> <span class='ocrx_word' id='word_1_96' title='bbox 1168 1536 1268 1632; x_wconf 79' lang='lat' dir='ltr'><strong>qnid¹</strong></span> 
     </span>
     <span class='ocr_line' id='line_1_13' title="bbox 133 1629 1276 1731; baseline 0.009 -31"><span class='ocrx_word' id='word_1_97' title='bbox 133 1631 202 1702; x_wconf 87' lang='lat' dir='ltr'><strong>ista</strong></span> <span class='ocrx_word' id='word_1_98' title='bbox 234 1629 344 1702; x_wconf 81' lang='lat' dir='ltr'><strong>fabula</strong></span> <span class='ocrx_word' id='word_1_99' title='bbox 375 1631 598 1725; x_wconf 82' lang='lat' dir='ltr'><strong>signiticaret,</strong></span> <span class='ocrx_word' id='word_1_100' title='bbox 642 1633 849 1704; x_wconf 89' lang='lat' dir='ltr'><strong>dissimulare</strong></span> <span class='ocrx_word' id='word_1_101' title='bbox 889 1632 922 1703; x_wconf 94' lang='lat' dir='ltr'><strong>id</strong></span> <span class='ocrx_word' id='word_1_102' title='bbox 955 1645 1091 1730; x_wconf 44' lang='lat' dir='ltr'><strong>poetamw</strong></span> <span class='ocrx_word' id='word_1_103' title='bbox 1118 1636 1276 1731; x_wconf 86' lang='lat' dir='ltr'><strong>epicum</strong></span> 
     </span>
     <span class='ocr_line' id='line_1_14' title="bbox 67 1731 1245 1830; baseline 0.009 -32"><span class='ocrx_word' id='word_1_104' title='bbox 67 1790 71 1798; x_wconf 90' lang='grc'><em>,</em></span> <span class='ocrx_word' id='word_1_105' title='bbox 134 1732 321 1828; x_wconf 76' lang='lat' dir='ltr'><strong>oportebat.</strong></span> <span class='ocrx_word' id='word_1_106' title='bbox 373 1731 504 1804; x_wconf 82' lang='lat' dir='ltr'><strong>Deinde</strong></span> <span class='ocrx_word' id='word_1_107' title='bbox 532 1757 609 1805; x_wconf 85' lang='lat' dir='ltr'><strong>uero</strong></span> <span class='ocrx_word' id='word_1_108' title='bbox 636 1757 699 1830; x_wconf 84' lang='lat' dir='ltr'><strong>quo</strong></span> <span class='ocrx_word' id='word_1_109' title='bbox 725 1735 797 1806; x_wconf 90' lang='lat' dir='ltr'><strong>iuro</strong></span> <span class='ocrx_word' id='word_1_110' title='bbox 823 1735 952 1806; x_wconf 86' lang='lat' dir='ltr'><strong>tandem</strong></span> <span class='ocrx_word' id='word_1_111' title='bbox 978 1735 1059 1807; x_wconf 88' lang='lat' dir='ltr'><strong>dicit</strong></span> <span class='ocrx_word' id='word_1_112' title='bbox 1076 1735 1245 1809; x_wconf 79' lang='lat' dir='ltr'><strong>Heflte‘rns</strong></span> 
     </span>
     <span class='ocr_line' id='line_1_15' title="bbox 134 1829 1246 1937; baseline 0.005 -33"><span class='ocrx_word' id='word_1_113' title='bbox 134 1833 328 1906; x_wconf 80' lang='lat' dir='ltr'><strong>discessisse</strong></span> <span class='ocrx_word' id='word_1_114' title='bbox 354 1833 535 1906; x_wconf 84' lang='lat' dir='ltr'><strong>Homerum</strong></span> <span class='ocrx_word' id='word_1_115' title='bbox 568 1835 776 1937; x_wconf 85' lang='lat' dir='ltr'><strong>acommupi</strong></span> <span class='ocrx_word' id='word_1_116' title='bbox 803 1829 987 1932; x_wconf 80' lang='lat' dir='ltr'><strong>opinione?</strong></span> <span class='ocrx_word' id='word_1_117' title='bbox 1037 1835 1133 1910; x_wconf 90' lang='lat' dir='ltr'><strong>Unde</strong></span> <span class='ocrx_word' id='word_1_118' title='bbox 1160 1839 1246 1932; x_wconf 91' lang='lat' dir='ltr'><strong>enim</strong></span> 
     </span>
     <span class='ocr_line' id='line_1_16' title="bbox 133 1933 1264 2034; baseline 0.004 -28"><span class='ocrx_word' id='word_1_119' title='bbox 133 1944 336 2031; x_wconf 88' lang='lat' dir='ltr'><strong>compertum</strong></span> <span class='ocrx_word' id='word_1_120' title='bbox 376 1936 483 2008; x_wconf 85' lang='lat' dir='ltr'><strong>habet</strong></span> <span class='ocrx_word' id='word_1_121' title='bbox 518 1960 601 2031; x_wconf 90' lang='lat' dir='ltr'><strong>quae</strong></span> <span class='ocrx_word' id='word_1_122' title='bbox 643 1944 710 2010; x_wconf 91' lang='lat' dir='ltr'><strong>tum</strong></span> <span class='ocrx_word' id='word_1_123' title='bbox 755 1938 934 2010; x_wconf 88' lang='lat' dir='ltr'><strong>communis</strong></span> <span class='ocrx_word' id='word_1_124' title='bbox 977 1938 1089 2034; x_wconf 93' lang='lat' dir='ltr'><strong>opinio</strong></span> <span class='ocrx_word' id='word_1_125' title='bbox 1131 1933 1264 2029; x_wconf 79' lang='lat' dir='ltr'><strong>fuerit,‘</strong></span> 
     </span>
     <span class='ocr_line' id='line_1_17' title="bbox 133 2037 1245 2138; baseline 0.004 -30"><span class='ocrx_word' id='word_1_126' title='bbox 133 2059 231 2134; x_wconf 84' lang='lat' dir='ltr'><strong>quum</strong></span> <span class='ocrx_word' id='word_1_127' title='bbox 252 2037 521 2136; x_wconf 37' lang='lat' dir='ltr'><strong>&#39;praeter&#39;ipsum</strong></span> <span class='ocrx_word' id='word_1_128' title='bbox 545 2037 726 2110; x_wconf 86' lang='lat' dir='ltr'><strong>Homerum</strong></span> <span class='ocrx_word' id='word_1_129' title='bbox 759 2040 868 2110; x_wconf 88' lang='lat' dir='ltr'><strong>nulius</strong></span> <span class='ocrx_word' id='word_1_130' title='bbox 902 2039 998 2112; x_wconf 89' lang='lat' dir='ltr'><strong>testis</strong></span> <span class='ocrx_word' id='word_1_131' title='bbox 1024 2047 1152 2136; x_wconf 65' lang='lat' dir='ltr'><strong>exstet,</strong></span> <span class='ocrx_word' id='word_1_132' title='bbox 1189 2042 1245 2138; x_wconf 85' lang='lat' dir='ltr'><strong>qui</strong></span> 
     </span>
     <span class='ocr_line' id='line_1_18' title="bbox 133 2134 1257 2238; baseline 0.005 -30"><span class='ocrx_word' id='word_1_133' title='bbox 133 2139 212 2234; x_wconf 82' lang='lat' dir='ltr'><strong>quid</strong></span> <span class='ocrx_word' id='word_1_134' title='bbox 244 2141 304 2212; x_wconf 85' lang='lat' dir='ltr'><strong>aiii</strong></span> <span class='ocrx_word' id='word_1_135' title='bbox 335 2141 400 2211; x_wconf 91' lang='lat' dir='ltr'><strong>isto</strong></span> <span class='ocrx_word' id='word_1_136' title='bbox 435 2149 516 2210; x_wconf 84' lang='lat' dir='ltr'><strong>aevo</strong></span> <span class='ocrx_word' id='word_1_137' title='bbox 550 2139 675 2237; x_wconf 91' lang='lat' dir='ltr'><strong>opinati</strong></span> <span class='ocrx_word' id='word_1_138' title='bbox 707 2140 774 2212; x_wconf 92' lang='lat' dir='ltr'><strong>sint</strong></span> <span class='ocrx_word' id='word_1_139' title='bbox 806 2134 960 2238; x_wconf 81' lang='lat' dir='ltr'><strong>aperiat?</strong></span> <span class='ocrx_word' id='word_1_140' title='bbox 1009 2140 1172 2214; x_wconf 91' lang='lat' dir='ltr'><strong>Nimirum</strong></span> <span class='ocrx_word' id='word_1_141' title='bbox 1197 2143 1257 2214; x_wconf 61' lang='lat' dir='ltr'><strong>ita‘</strong></span> 
     </span>
     <span class='ocr_line' id='line_1_19' title="bbox 132 2239 1244 2338; baseline 0.004 -26"><span class='ocrx_word' id='word_1_142' title='bbox 132 2239 262 2322; x_wconf 79' lang='lat' dir='ltr'><strong>uidetur</strong></span> <span class='ocrx_word' id='word_1_143' title='bbox 294 2247 539 2336; x_wconf 82' lang='lat' dir='ltr'><strong>argumentatus</strong></span> <span class='ocrx_word' id='word_1_144' title='bbox 580 2265 674 2331; x_wconf 90' lang='lat' dir='ltr'><strong>esse,</strong></span> <span class='ocrx_word' id='word_1_145' title='bbox 712 2266 912 2313; x_wconf 91' lang='lat' dir='ltr'><strong>communem</strong></span> <span class='ocrx_word' id='word_1_146' title='bbox 951 2242 1142 2338; x_wconf 89' lang='lat' dir='ltr'><strong>opinionem.</strong></span> <span class='ocrx_word' id='word_1_147' title='bbox 1170 2267 1244 2316; x_wconf 88' lang='lat' dir='ltr'><strong>esse</strong></span> 
     </span>
     <span class='ocr_line' id='line_1_20' title="bbox 132 2341 1339 2438; baseline 0 -24"><span class='ocrx_word' id='word_1_148' title='bbox 132 2363 203 2414; x_wconf 83' lang='lat' dir='ltr'><strong>eam</strong></span> <span class='ocrx_word' id='word_1_149' title='bbox 224 2341 394 2431; x_wconf 84' lang='lat' dir='ltr'><strong>debuisse,</strong></span> <span class='ocrx_word' id='word_1_150' title='bbox 421 2365 505 2437; x_wconf 91' lang='lat' dir='ltr'><strong>quae</strong></span> <span class='ocrx_word' id='word_1_151' title='bbox 531 2348 638 2437; x_wconf 86' lang='lat' dir='ltr'><strong>aptam</strong></span> <span class='ocrx_word' id='word_1_152' title='bbox 660 2349 694 2412; x_wconf 89' lang='lat' dir='ltr'><strong>ct</strong></span> <span class='ocrx_word' id='word_1_153' title='bbox 715 2341 845 2413; x_wconf 83' lang='lat' dir='ltr'><strong>facilem</strong></span> <span class='ocrx_word' id='word_1_154' title='bbox 860 2343 1161 2438; x_wconf 83' lang='lat' dir='ltr'><strong>interpretationem</strong></span> <span class='ocrx_word' id='word_1_155' title='bbox 1184 2344 1245 2414; x_wconf 82' lang='lat' dir='ltr'><strong>ad·-</strong></span> <span class='ocrx_word' id='word_1_156' title='bbox 1337 2375 1339 2380; x_wconf 36' lang='lat' dir='ltr'>s</span> 
     </span>
     <span class='ocr_line' id='line_1_21' title="bbox 130 2441 1244 2540; baseline 0.001 -25"><span class='ocrx_word' id='word_1_157' title='bbox 130 2443 289 2533; x_wconf 82' lang='lat' dir='ltr'><strong>mitteret,</strong></span> <span class='ocrx_word' id='word_1_158' title='bbox 317 2443 445 2538; x_wconf 87' lang='lat' dir='ltr'><strong>qualem</strong></span> <span class='ocrx_word' id='word_1_159' title='bbox 472 2466 545 2512; x_wconf 91' lang='lat' dir='ltr'><strong>esse</strong></span> <span class='ocrx_word' id='word_1_160' title='bbox 572 2465 655 2532; x_wconf 90' lang='lat' dir='ltr'><strong>eam,</strong></span> <span class='ocrx_word' id='word_1_161' title='bbox 683 2465 765 2536; x_wconf 86' lang='lat' dir='ltr'><strong>quae</strong></span> <span class='ocrx_word' id='word_1_162' title='bbox 792 2443 835 2513; x_wconf 88' lang='lat' dir='ltr'><strong>sit</strong></span> <span class='ocrx_word' id='word_1_163' title='bbox 862 2443 902 2512; x_wconf 86' lang='lat' dir='ltr'><strong>ab</strong></span> <span class='ocrx_word' id='word_1_164' title='bbox 923 2441 1072 2514; x_wconf 88' lang='lat' dir='ltr'><strong>Hesiodo</strong></span> <span class='ocrx_word' id='word_1_165' title='bbox 1098 2445 1244 2540; x_wconf 84' lang='lat' dir='ltr'><strong>prodita.</strong></span> 
     </span>
     <span class='ocr_line' id='line_1_22' title="bbox 84 2542 1242 2638; baseline -0.003 -20"><span class='ocrx_word' id='word_1_166' title='bbox 84 2573 90 2592; x_wconf 63' lang='lat'><strong>.</strong></span> <span class='ocrx_word' id='word_1_167' title='bbox 129 2543 208 2618; x_wconf 89' lang='lat' dir='ltr'><strong>Non</strong></span> <span class='ocrx_word' id='word_1_168' title='bbox 234 2545 362 2634; x_wconf 85' lang='lat' dir='ltr'><strong>dicam,</strong></span> <span class='ocrx_word' id='word_1_169' title='bbox 387 2543 472 2638; x_wconf 86' lang='lat' dir='ltr'><strong>quod</strong></span> <span class='ocrx_word' id='word_1_170' title='bbox 501 2542 606 2638; x_wconf 87' lang='lat' dir='ltr'><strong>quivis</strong></span> <span class='ocrx_word' id='word_1_171' title='bbox 635 2542 733 2631; x_wconf 85' lang='lat' dir='ltr'><strong>uidet,</strong></span> <span class='ocrx_word' id='word_1_172' title='bbox 760 2543 909 2636; x_wconf 89' lang='lat' dir='ltr'><strong>potuisse</strong></span> <span class='ocrx_word' id='word_1_173' title='bbox 931 2545 1119 2632; x_wconf 36' lang='lat' dir='ltr'><strong>,recentiore</strong></span> <span class='ocrx_word' id='word_1_174' title='bbox 1146 2567 1242 2636; x_wconf 85' lang='lat' dir='ltr'><strong>aero,</strong></span> 
     </span>
     <span class='ocr_line' id='line_1_23' title="bbox 130 2641 1364 2742; baseline 0 -26"><span class='ocrx_word' id='word_1_175' title='bbox 130 2669 215 2742; x_wconf 87' lang='lat' dir='ltr'><strong>quae</strong></span> <span class='ocrx_word' id='word_1_176' title='bbox 241 2644 364 2716; x_wconf 50' lang='lat' dir='ltr'><strong>rudior¹</strong></span> <span class='ocrx_word' id='word_1_177' title='bbox 381 2644 557 2738; x_wconf 87' lang='lat' dir='ltr'><strong>antiquitas</strong></span> <span class='ocrx_word' id='word_1_178' title='bbox 582 2643 688 2714; x_wconf 89' lang='lat' dir='ltr'><strong>miuus</strong></span> <span class='ocrx_word' id='word_1_179' title='bbox 715 2641 888 2734; x_wconf 85' lang='lat' dir='ltr'><strong>credibilia</strong></span> <span class='ocrx_word' id='word_1_180' title='bbox 910 2643 1102 2732; x_wconf 84' lang='lat' dir='ltr'><strong>invenisset,</strong></span> <span class='ocrx_word' id='word_1_181' title='bbox 1120 2645 1243 2738; x_wconf 47' lang='lat' dir='ltr'><strong>&#39;aptius</strong></span> <span class='ocrx_word' id='word_1_182' title='bbox 1317 2707 1322 2716; x_wconf 87' lang='grc'><em>,</em></span> <span class='ocrx_word' id='word_1_183' title='bbox 1361 2653 1364 2662; x_wconf 89' lang='grc'><em>“</em></span> 
     </span>
    </p>
   </div>
   <div class='ocr_carea' id='block_1_3' title="bbox 129 2743 1377 2840">
    <p class='ocr_par' dir='ltr' id='par_1_3' title="bbox 129 2743 1377 2840">
     <span class='ocr_line' id='line_1_24' title="bbox 129 2743 1377 2840; baseline -0.002 -22"><span class='ocrx_word' id='word_1_184' title='bbox 129 2745 326 2840; x_wconf 87' lang='lat' dir='ltr'><strong>doctiusque</strong></span> <span class='ocrx_word' id='word_1_185' title='bbox 359 2743 655 2821; x_wconf 71' lang='lat' dir='ltr'><strong>exornariz.illud</strong></span> <span class='ocrx_word' id='word_1_186' title='bbox 690 2767 862 2839; x_wconf 87' lang='lat' dir='ltr'><strong>quaeram,</strong></span> <span class='ocrx_word' id='word_1_187' title='bbox 899 2754 1124 2840; x_wconf 86' lang='lat' dir='ltr'><strong>repugnentne</strong></span> <span class='ocrx_word' id='word_1_188' title='bbox 1159 2769 1243 2840; x_wconf 86' lang='lat' dir='ltr'><strong>quae</strong></span> <span class='ocrx_word' id='word_1_189' title='bbox 1375 2747 1377 2752; x_wconf 83' lang='grc'><strong>’</strong></span> 
     </span>
    </p>
   </div>
   <div class='ocr_carea' id='block_1_4' title="bbox 128 2845 1242 2941">
    <p class='ocr_par' dir='ltr' id='par_1_4' title="bbox 128 2845 1242 2941">
     <span class='ocr_line' id='line_1_25' title="bbox 128 2845 1242 2941; baseline -0.001 -22"><span class='ocrx_word' id='word_1_190' title='bbox 128 2847 296 2920; x_wconf 91' lang='lat' dir='ltr'><strong>Homerus</strong></span> <span class='ocrx_word' id='word_1_191' title='bbox 333 2845 478 2930; x_wconf 89' lang='lat' dir='ltr'><strong>narravit</strong></span> <span class='ocrx_word' id='word_1_192' title='bbox 511 2845 580 2918; x_wconf 84' lang='lat' dir='ltr'><strong>iilis</strong></span> <span class='ocrx_word' id='word_1_193' title='bbox 616 2869 699 2941; x_wconf 87' lang='lat' dir='ltr'><strong>quae</strong></span> <span class='ocrx_word' id='word_1_194' title='bbox 733 2847 885 2941; x_wconf 84' lang='lat' dir='ltr'><strong>exposita</strong></span> <span class='ocrx_word' id='word_1_195' title='bbox 910 2855 986 2916; x_wconf 87' lang='lat' dir='ltr'><strong>sunt</strong></span> <span class='ocrx_word' id='word_1_196' title='bbox 1012 2847 1051 2916; x_wconf 88' lang='lat' dir='ltr'><strong>ab</strong></span> <span class='ocrx_word' id='word_1_197' title='bbox 1077 2846 1242 2938; x_wconf 87' lang='lat' dir='ltr'><strong>Hesiodo,</strong></span> 
     </span>
    </p>
   </div>
   <div class='ocr_carea' id='block_1_5' title="bbox 129 2947 1480 3146">
    <p class='ocr_par' dir='ltr' id='par_1_5' title="bbox 129 2947 1480 3146">
     <span class='ocr_line' id='line_1_26' title="bbox 129 2947 1368 3044; baseline -0.005 -21"><span class='ocrx_word' id='word_1_198' title='bbox 129 2974 172 3022; x_wconf 82' lang='lat' dir='ltr'><strong>an</strong></span> <span class='ocrx_word' id='word_1_199' title='bbox 197 2949 285 3023; x_wconf 84' lang='lat' dir='ltr'><strong>forte</strong></span> <span class='ocrx_word' id='word_1_200' title='bbox 309 2949 408 3020; x_wconf 86' lang='lat' dir='ltr'><strong>etiam</strong></span> <span class='ocrx_word' id='word_1_201' title='bbox 433 2948 550 3020; x_wconf 91' lang='lat' dir='ltr'><strong>melius</strong></span> <span class='ocrx_word' id='word_1_202' title='bbox 576 2971 649 3019; x_wconf 84' lang='lat' dir='ltr'><strong>enm</strong></span> <span class='ocrx_word' id='word_1_203' title='bbox 674 2947 716 3018; x_wconf 93' lang='lat' dir='ltr'><strong>iis</strong></span> <span class='ocrx_word' id='word_1_204' title='bbox 731 2947 925 3038; x_wconf 63' lang='lat' dir='ltr'><strong>&#39;conciliari</strong></span> <span class='ocrx_word' id='word_1_205' title='bbox 949 2957 1049 3043; x_wconf 83' lang='lat' dir='ltr'><strong>¹quam</strong></span> <span class='ocrx_word' id='word_1_206' title='bbox 1074 2948 1148 3044; x_wconf 90' lang='lat' dir='ltr'><strong>ipsa</strong></span> <span class='ocrx_word' id='word_1_207' title='bbox 1167 2947 1250 3042; x_wconf 54' lang='lat' dir='ltr'><strong>He·x</strong></span> <span class='ocrx_word' id='word_1_208' title='bbox 1364 2969 1368 2978; x_wconf 91' lang='lat'>·</span> 
     </span>
     <span class='ocr_line' id='line_1_27' title="bbox 129 3047 1480 3146; baseline -0.005 -22"><span class='ocrx_word' id='word_1_209' title='bbox 129 3051 216 3124; x_wconf 86' lang='lat' dir='ltr'><strong>siodi</strong></span> <span class='ocrx_word' id='word_1_210' title='bbox 242 3051 442 3146; x_wconf 77' lang='lat' dir='ltr'><strong>descriptio,</strong></span> <span class='ocrx_word' id='word_1_211' title='bbox 475 3050 618 3146; x_wconf 88' lang='lat' dir='ltr'><strong>possint.</strong></span> <span class='ocrx_word' id='word_1_212' title='bbox 668 3047 752 3120; x_wconf 90' lang='lat' dir='ltr'><strong>Nam</strong></span> <span class='ocrx_word' id='word_1_213' title='bbox 778 3049 842 3120; x_wconf 89' lang='lat' dir='ltr'><strong>hoc</strong></span> <span class='ocrx_word' id='word_1_214' title='bbox 868 3057 974 3120; x_wconf 88' lang='lat' dir='ltr'><strong>tamen</strong></span> <span class='ocrx_word' id='word_1_215' title='bbox 1002 3051 1141 3121; x_wconf 91' lang='lat' dir='ltr'><strong>omnium</strong></span> <span class='ocrx_word' id='word_1_216' title='bbox 1168 3051 1241 3146; x_wconf 82' lang='lat' dir='ltr'><strong>pri-</strong></span> <span class='ocrx_word' id='word_1_217' title='bbox 1348 3113 1354 3118; x_wconf 85' lang='lat'><strong>.</strong></span> <span class='ocrx_word' id='word_1_218' title='bbox 1465 3053 1480 3130; x_wconf 71' lang='lat' dir='ltr'>J</span> 
     </span>
    </p>
   </div>
   <div class='ocr_carea' id='block_1_6' title="bbox 126 3148 1241 3246">
    <p class='ocr_par' dir='ltr' id='par_1_6' title="bbox 126 3148 1241 3246">
     <span class='ocr_line' id='line_1_28' title="bbox 126 3148 1241 3246; baseline -0.002 -21"><span class='ocrx_word' id='word_1_219' title='bbox 126 3179 216 3226; x_wconf 89' lang='lat' dir='ltr'><strong>mum</strong></span> <span class='ocrx_word' id='word_1_220' title='bbox 242 3177 316 3224; x_wconf 89' lang='lat' dir='ltr'><strong>esse</strong></span> <span class='ocrx_word' id='word_1_221' title='bbox 342 3153 450 3242; x_wconf 86' lang='lat' dir='ltr'><strong>debet,</strong></span> <span class='ocrx_word' id='word_1_222' title='bbox 477 3162 514 3223; x_wconf 91' lang='lat' dir='ltr'><strong>ut</strong></span> <span class='ocrx_word' id='word_1_223' title='bbox 532 3151 697 3222; x_wconf 84' lang='lat' dir='ltr'><strong>rideamus</strong></span> <span class='ocrx_word' id='word_1_224' title='bbox 719 3150 796 3246; x_wconf 86' lang='lat' dir='ltr'><strong>quid</strong></span> <span class='ocrx_word' id='word_1_225' title='bbox 814 3151 936 3222; x_wconf 84' lang='lat' dir='ltr'><strong>dixerit</strong></span> <span class='ocrx_word' id='word_1_226' title='bbox 950 3148 1127 3222; x_wconf 88' lang='lat' dir='ltr'><strong>Homerus.</strong></span> <span class='ocrx_word' id='word_1_227' title='bbox 1168 3149 1241 3224; x_wconf 81' lang='lat' dir='ltr'><strong>Fe-</strong></span> 
     </span>
    </p>
   </div>
   <div class='ocr_carea' id='block_1_7' title="bbox 9 3237 1262 3349">
    <p class='ocr_par' dir='ltr' id='par_1_7' title="bbox 9 3237 1262 3349">
     <span class='ocr_line' id='line_1_29' title="bbox 9 3237 1262 3349; baseline -0.006 -20"><span class='ocrx_word' id='word_1_228' title='bbox 9 3269 10 3274; x_wconf 77' lang='grc'>’</span> <span class='ocrx_word' id='word_1_229' title='bbox 128 3255 175 3328; x_wconf 76' lang='lat' dir='ltr'><strong>eit</strong></span> <span class='ocrx_word' id='word_1_230' title='bbox 207 3253 242 3325; x_wconf 92' lang='lat' dir='ltr'><strong>id</strong></span> <span class='ocrx_word' id='word_1_231' title='bbox 270 3253 403 3349; x_wconf 37' lang='lat' dir='ltr'><strong>squidem</strong></span> <span class='ocrx_word' id='word_1_232' title='bbox 438 3253 535 3324; x_wconf 89' lang='lat' dir='ltr'><strong>etiam</strong></span> <span class='ocrx_word' id='word_1_233' title='bbox 561 3251 750 3337; x_wconf 74' lang='lat' dir='ltr'><strong>Redderes,</strong></span> <span class='ocrx_word' id='word_1_234' title='bbox 786 3251 844 3324; x_wconf 88' lang='lat' dir='ltr'><strong>sed</strong></span> <span class='ocrx_word' id='word_1_235' title='bbox 859 3237 862 3249; x_wconf 50' lang='lat'>¹</span> <span class='ocrx_word' id='word_1_236' title='bbox 878 3275 994 3324; x_wconf 89' lang='lat' dir='ltr'><strong>vereor</strong></span> <span class='ocrx_word' id='word_1_237' title='bbox 1026 3276 1066 3324; x_wconf 89' lang='lat' dir='ltr'><strong>ne</strong></span> <span class='ocrx_word' id='word_1_238' title='bbox 1097 3257 1164 3323; x_wconf 88' lang='lat' dir='ltr'><strong>non</strong></span> <span class='ocrx_word' id='word_1_239' title='bbox 1197 3251 1262 3325; x_wconf 84' lang='lat' dir='ltr'><strong>eo7</strong></span> 
     </span>
    </p>
   </div>
   <div class='ocr_carea' id='block_1_8' title="bbox 127 3351 1238 3449">
    <p class='ocr_par' dir='ltr' id='par_1_8' title="bbox 127 3351 1238 3449">
     <span class='ocr_line' id='line_1_30' title="bbox 127 3351 1238 3449; baseline -0.001 -21"><span class='ocrx_word' id='word_1_240' title='bbox 127 3355 246 3445; x_wconf 92' lang='lat' dir='ltr'><strong>modo,</strong></span> <span class='ocrx_word' id='word_1_241' title='bbox 284 3377 347 3449; x_wconf 90' lang='lat' dir='ltr'><strong>quo</strong></span> <span class='ocrx_word' id='word_1_242' title='bbox 375 3353 525 3424; x_wconf 79' lang='lat' dir='ltr'><strong>debebat.</strong></span> <span class='ocrx_word' id='word_1_243' title='bbox 576 3351 689 3424; x_wconf 93' lang='lat' dir='ltr'><strong>Primo</strong></span> <span class='ocrx_word' id='word_1_244' title='bbox 716 3351 896 3424; x_wconf 87' lang='lat' dir='ltr'><strong>Homerum</strong></span> <span class='ocrx_word' id='word_1_245' title='bbox 922 3352 1090 3424; x_wconf 90' lang='lat' dir='ltr'><strong>contendit</strong></span> <span class='ocrx_word' id='word_1_246' title='bbox 1116 3361 1238 3427; x_wconf 85' lang='lat' dir='ltr'><strong>terram</strong></span> 
     </span>
    </p>
   </div>
   <div class='ocr_carea' id='block_1_9' title="bbox 128 3453 1459 3550">
    <p class='ocr_par' dir='ltr' id='par_1_9' title="bbox 128 3453 1459 3550">
     <span class='ocr_line' id='line_1_31' title="bbox 128 3453 1459 3550; baseline -0.001 -20"><span class='ocrx_word' id='word_1_247' title='bbox 128 3457 225 3532; x_wconf 91' lang='lat' dir='ltr'><strong>simul</strong></span> <span class='ocrx_word' id='word_1_248' title='bbox 251 3480 323 3528; x_wconf 93' lang='lat' dir='ltr'><strong>cum</strong></span> <span class='ocrx_word' id='word_1_249' title='bbox 351 3455 443 3526; x_wconf 85' lang='lat' dir='ltr'><strong>caelo</strong></span> <span class='ocrx_word' id='word_1_250' title='bbox 466 3453 586 3525; x_wconf 86' lang='lat' dir='ltr'><strong>fecisse</strong></span> <span class='ocrx_word' id='word_1_251' title='bbox 604 3453 644 3524; x_wconf 86' lang='lat' dir='ltr'><strong>ab</strong></span> <span class='ocrx_word' id='word_1_252' title='bbox 659 3454 794 3524; x_wconf 87' lang='lat' dir='ltr'><strong>Atlante</strong></span> <span class='ocrx_word' id='word_1_253' title='bbox 815 3455 932 3541; x_wconf 88' lang='lat' dir='ltr'><strong>teneri,</strong></span> <span class='ocrx_word' id='word_1_254' title='bbox 958 3462 1134 3549; x_wconf 89' lang='lat' dir='ltr'><strong>propterea</strong></span> <span class='ocrx_word' id='word_1_255' title='bbox 1150 3454 1237 3550; x_wconf 90' lang='lat' dir='ltr'><strong>quod</strong></span> <span class='ocrx_word' id='word_1_256' title='bbox 1326 3479 1330 3482; x_wconf 87' lang='lat'>·</span> <span class='ocrx_word' id='word_1_257' title='bbox 1456 3517 1459 3529; x_wconf 91' lang='lat'><strong>.</strong></span> 
     </span>
    </p>
   </div>
   <div class='ocr_carea' id='block_1_10' title="bbox 123 3549 1255 4466">
    <p class='ocr_par' dir='ltr' id='par_1_10' title="bbox 123 3549 1255 4466">
     <span class='ocr_line' id='line_1_32' title="bbox 127 3549 1237 3653; baseline -0.003 -21"><span class='ocrx_word' id='word_1_258' title='bbox 127 3560 161 3632; x_wconf 93' lang='lat' dir='ltr'><strong>id</strong></span> <span class='ocrx_word' id='word_1_259' title='bbox 188 3559 310 3629; x_wconf 86' lang='lat' dir='ltr'><strong>diserte</strong></span> <span class='ocrx_word' id='word_1_260' title='bbox 337 3555 508 3652; x_wconf 88' lang='lat' dir='ltr'><strong>particulis</strong></span> <span class='ocrx_word' id='word_1_261' title='bbox 535 3554 730 3651; x_wconf 88' lang='lat' dir='ltr'><strong>copulativi&#39;s</strong></span> <span class='ocrx_word' id='word_1_262' title='bbox 755 3553 948 3625; x_wconf 85' lang='lat' dir='ltr'><strong>indicauerit</strong></span> <span class='ocrx_word' id='word_1_263' title='bbox 979 3549 1093 3653; x_wconf 74' lang='grc' dir='ltr'><em>γαῖάν</em></span> <span class='ocrx_word' id='word_1_264' title='bbox 1116 3554 1237 3628; x_wconf 68' lang='lat' dir='ltr'><strong>senui</strong></span> 
     </span>
     <span class='ocr_line' id='line_1_33' title="bbox 127 3654 1236 3755; baseline -0.007 -19"><span class='ocrx_word' id='word_1_265' title='bbox 127 3657 291 3755; x_wconf 78' lang='grc' dir='ltr'><strong><em>οὐρανὸν</em></strong></span> <span class='ocrx_word' id='word_1_266' title='bbox 316 3658 440 3729; x_wconf 86' lang='lat' dir='ltr'><strong>dicens.</strong></span> <span class='ocrx_word' id='word_1_267' title='bbox 490 3656 538 3727; x_wconf 79' lang='lat' dir='ltr'><strong>At</strong></span> <span class='ocrx_word' id='word_1_268' title='bbox 562 3657 626 3726; x_wconf 82' lang='lat' dir='ltr'><strong>hoo</strong></span> <span class='ocrx_word' id='word_1_269' title='bbox 649 3655 724 3726; x_wconf 92' lang='lat' dir='ltr'><strong>istis</strong></span> <span class='ocrx_word' id='word_1_270' title='bbox 749 3655 920 3750; x_wconf 88' lang='lat' dir='ltr'><strong>particulis</strong></span> <span class='ocrx_word' id='word_1_271' title='bbox 944 3656 1036 3727; x_wconf 87' lang='lat' dir='ltr'><strong>nulio</strong></span> <span class='ocrx_word' id='word_1_272' title='bbox 1061 3654 1157 3727; x_wconf 93' lang='lat' dir='ltr'><strong>modo</strong></span> <span class='ocrx_word' id='word_1_273' title='bbox 1183 3655 1236 3728; x_wconf 86' lang='lat' dir='ltr'><strong>ei·</strong></span> 
     </span>
     <span class='ocr_line' id='line_1_34' title="bbox 126 3754 1234 3854; baseline -0.004 -20"><span class='ocrx_word' id='word_1_274' title='bbox 126 3763 249 3854; x_wconf 86' lang='lat' dir='ltr'><strong>ficitur,</strong></span> <span class='ocrx_word' id='word_1_275' title='bbox 276 3759 335 3832; x_wconf 89' lang='lat' dir='ltr'><strong>scd</strong></span> <span class='ocrx_word' id='word_1_276' title='bbox 362 3757 644 3846; x_wconf 87' lang='lat' dir='ltr'><strong>demonstrandum</strong></span> <span class='ocrx_word' id='word_1_277' title='bbox 671 3763 742 3827; x_wconf 90' lang='lat' dir='ltr'><strong>erat</strong></span> <span class='ocrx_word' id='word_1_278' title='bbox 767 3779 811 3850; x_wconf 69' lang='lat' dir='ltr'><strong>eu</strong></span> <span class='ocrx_word' id='word_1_279' title='bbox 837 3755 955 3846; x_wconf 79' lang='lat' dir='ltr'><strong>uerbo,</strong></span> <span class='ocrx_word' id='word_1_280' title='bbox 984 3754 1070 3852; x_wconf 88' lang='lat' dir='ltr'><strong>quod</strong></span> <span class='ocrx_word' id='word_1_281' title='bbox 1096 3765 1148 3828; x_wconf 91' lang='lat' dir='ltr'><strong>est</strong></span> <span class='ocrx_word' id='word_1_282' title='bbox 1173 3758 1234 3830; x_wconf 84' lang='lat' dir='ltr'><strong>ad-</strong></span> 
     </span>
     <span class='ocr_line' id='line_1_35' title="bbox 125 3858 1232 3956; baseline -0.005 -20"><span class='ocrx_word' id='word_1_283' title='bbox 125 3864 256 3939; x_wconf 86' lang='lat' dir='ltr'><strong>iectum.</strong></span> <span class='ocrx_word' id='word_1_284' title='bbox 293 3861 440 3933; x_wconf 73' lang='lat' dir='ltr'><strong>Deinde</strong></span> <span class='ocrx_word' id='word_1_285' title='bbox 466 3882 679 3949; x_wconf 87' lang='lat' dir='ltr'><strong>communem,</strong></span> <span class='ocrx_word' id='word_1_286' title='bbox 706 3881 800 3953; x_wconf 84' lang='lat' dir='ltr'><strong>quam</strong></span> <span class='ocrx_word' id='word_1_287' title='bbox 819 3858 897 3953; x_wconf 79' lang='lat' dir='ltr'><strong>&#39;ipse</strong></span> <span class='ocrx_word' id='word_1_288' title='bbox 912 3868 1020 3948; x_wconf 85' lang='lat' dir='ltr'><strong>vocat,</strong></span> <span class='ocrx_word' id='word_1_289' title='bbox 1046 3859 1232 3956; x_wconf 87' lang='lat' dir='ltr'><strong>opinionem</strong></span> 
     </span>
     <span class='ocr_line' id='line_1_36' title="bbox 126 3959 1233 4059; baseline -0.004 -21"><span class='ocrx_word' id='word_1_290' title='bbox 126 3967 179 4059; x_wconf 81' lang='lat' dir='ltr'><strong>sic</strong></span> <span class='ocrx_word' id='word_1_291' title='bbox 202 3967 241 4036; x_wconf 90' lang='lat' dir='ltr'><strong>ab</strong></span> <span class='ocrx_word' id='word_1_292' title='bbox 257 3964 404 4037; x_wconf 92' lang='lat' dir='ltr'><strong>Homero</strong></span> <span class='ocrx_word' id='word_1_293' title='bbox 431 3970 583 4033; x_wconf 86' lang='lat' dir='ltr'><strong>mutatum</strong></span> <span class='ocrx_word' id='word_1_294' title='bbox 610 3983 683 4031; x_wconf 89' lang='lat' dir='ltr'><strong>esse</strong></span> <span class='ocrx_word' id='word_1_295' title='bbox 709 3959 767 4050; x_wconf 90' lang='lat' dir='ltr'><strong>ait,</strong></span> <span class='ocrx_word' id='word_1_296' title='bbox 795 3967 919 4030; x_wconf 89' lang='lat' dir='ltr'><strong>utnon</strong></span> <span class='ocrx_word' id='word_1_297' title='bbox 946 3959 990 4052; x_wconf 37' lang='lat' dir='ltr'><strong>ab,</strong></span> <span class='ocrx_word' id='word_1_298' title='bbox 1006 3959 1080 4056; x_wconf 93' lang='lat' dir='ltr'><strong>ipso</strong></span> <span class='ocrx_word' id='word_1_299' title='bbox 1094 3959 1233 4034; x_wconf 88' lang='lat' dir='ltr'><strong>Atlante</strong></span> 
     </span>
     <span class='ocr_line' id='line_1_37' title="bbox 126 4059 1255 4160; baseline -0.006 -21"><span class='ocrx_word' id='word_1_300' title='bbox 126 4068 253 4142; x_wconf 90' lang='lat' dir='ltr'><strong>caelum</strong></span> <span class='ocrx_word' id='word_1_301' title='bbox 278 4074 462 4160; x_wconf 88' lang='lat' dir='ltr'><strong>terramque</strong></span> <span class='ocrx_word' id='word_1_302' title='bbox 482 4062 637 4134; x_wconf 87' lang='lat' dir='ltr'><strong>sustineri</strong></span> <span class='ocrx_word' id='word_1_303' title='bbox 657 4060 808 4152; x_wconf 84' lang='lat' dir='ltr'><strong>noluerit,</strong></span> <span class='ocrx_word' id='word_1_304' title='bbox 835 4059 894 4132; x_wconf 89' lang='lat' dir='ltr'><strong>sed</strong></span> <span class='ocrx_word' id='word_1_305' title='bbox 912 4084 932 4131; x_wconf 87' lang='lat' dir='ltr'><strong>a</strong></span> <span class='ocrx_word' id='word_1_306' title='bbox 949 4061 1139 4157; x_wconf 86' lang='lat' dir='ltr'><strong>quibusdam</strong></span> <span class='ocrx_word' id='word_1_307' title='bbox 1154 4061 1233 4133; x_wconf 86' lang='lat' dir='ltr'><strong>ion-</strong></span> <span class='ocrx_word' id='word_1_308' title='bbox 1254 4127 1255 4132; x_wconf 75' lang='grc'>,</span> 
     </span>
     <span class='ocr_line' id='line_1_38' title="bbox 125 4145 1231 4265; baseline -0.007 -25"><span class='ocrx_word' id='word_1_309' title='bbox 125 4169 178 4265; x_wconf 78' lang='lat' dir='ltr'><strong>gis</strong></span> <span class='ocrx_word' id='word_1_310' title='bbox 205 4145 376 4257; x_wconf 72' lang='lat' dir='ltr'><strong>columrfls,</strong></span> <span class='ocrx_word' id='word_1_311' title='bbox 403 4163 592 4262; x_wconf 84' lang='lat' dir='ltr'><strong>qnasAtias</strong></span> <span class='ocrx_word' id='word_1_312' title='bbox 618 4164 709 4234; x_wconf 90' lang='lat' dir='ltr'><strong>solus</strong></span> <span class='ocrx_word' id='word_1_313' title='bbox 736 4163 917 4236; x_wconf 82' lang='lat' dir='ltr'><strong>custodiat:</strong></span> <span class='ocrx_word' id='word_1_314' title='bbox 944 4164 1047 4235; x_wconf 88' lang='lat' dir='ltr'><strong>solum</strong></span> <span class='ocrx_word' id='word_1_315' title='bbox 1070 4163 1231 4234; x_wconf 84' lang='lat' dir='ltr'><strong>enimcu-</strong></span> 
     </span>
     <span class='ocr_line' id='line_1_39' title="bbox 126 4261 1230 4359; baseline -0.009 -17"><span class='ocrx_word' id='word_1_316' title='bbox 126 4271 250 4343; x_wconf 88' lang='lat' dir='ltr'><strong>stodire</strong></span> <span class='ocrx_word' id='word_1_317' title='bbox 277 4268 342 4340; x_wconf 88' lang='lat' dir='ltr'><strong>dici</strong></span> <span class='ocrx_word' id='word_1_318' title='bbox 365 4268 417 4338; x_wconf 84' lang='lat' dir='ltr'><strong>iris</strong></span> <span class='ocrx_word' id='word_1_319' title='bbox 444 4264 571 4357; x_wconf 87' lang='lat' dir='ltr'><strong>verbis,</strong></span> <span class='ocrx_word' id='word_1_320' title='bbox 607 4261 717 4346; x_wconf 77' lang='grc' dir='ltr'><strong><em>αὐτὸς</em></strong></span> <span class='ocrx_word' id='word_1_321' title='bbox 741 4263 823 4357; x_wconf 76' lang='grc' dir='ltr'><strong><em>ἔχει.</em></strong></span> <span class='ocrx_word' id='word_1_322' title='bbox 883 4262 978 4338; x_wconf 88' lang='lat' dir='ltr'><strong>Haec</strong></span> <span class='ocrx_word' id='word_1_323' title='bbox 1010 4286 1140 4359; x_wconf 89' lang='lat' dir='ltr'><strong>quoqne</strong></span> <span class='ocrx_word' id='word_1_324' title='bbox 1162 4263 1230 4334; x_wconf 83' lang='lat' dir='ltr'><strong>mi-</strong></span> 
     </span>
     <span class='ocr_line' id='line_1_40' title="bbox 123 4362 1226 4466; baseline -0.007 -23"><span class='ocrx_word' id='word_1_325' title='bbox 123 4372 212 4450; x_wconf 84' lang='lat' dir='ltr'><strong>nime</strong></span> <span class='ocrx_word' id='word_1_326' title='bbox 238 4393 315 4442; x_wconf 86' lang='lat' dir='ltr'><strong>uera</strong></span> <span class='ocrx_word' id='word_1_327' title='bbox 338 4367 564 4466; x_wconf 84' lang='lat' dir='ltr'><strong>interpretatio</strong></span> <span class='ocrx_word' id='word_1_328' title='bbox 590 4371 654 4438; x_wconf 87' lang='lat' dir='ltr'><strong>est.</strong></span> <span class='ocrx_word' id='word_1_329' title='bbox 676 4384 680 4392; x_wconf 78' lang='grc'><em>’</em></span> <span class='ocrx_word' id='word_1_330' title='bbox 710 4362 796 4438; x_wconf 87' lang='lat' dir='ltr'><strong>Nam</strong></span> <span class='ocrx_word' id='word_1_331' title='bbox 825 4389 931 4461; x_wconf 88' lang='lat' dir='ltr'><strong>neque</strong></span> <span class='ocrx_word' id='word_1_332' title='bbox 963 4362 1074 4447; x_wconf 78' lang='grc' dir='ltr'><em>αὐτὸς</em></span> <span class='ocrx_word' id='word_1_333' title='bbox 1102 4363 1226 4436; x_wconf 77' lang='lat' dir='ltr'><strong>codrum</strong></span> 
     </span>
    </p>
   </div>
   <div class='ocr_carea' id='block_1_11' title="bbox 0 0 1542 5046">
    <p class='ocr_par' dir='ltr' id='par_1_11' title="bbox 0 0 1542 5046">
     <span class='ocr_line' id='line_1_41' title="bbox 0 0 1542 5046; baseline 0 5"><span class='ocrx_word' id='word_1_334' title='bbox 0 0 1542 5046; x_wconf 95' lang='lat' dir='ltr'><strong> </strong></span> 
     </span>
    </p>
   </div>
  </div>
 </body>
</html>
