3070 5048
279 365 355 432 euu=
553 365 602 426 οε
624 359 810 425 umanum
830 361 1127 424 percussurus.-
1153 335 1168 420 ’.

180 585 186 592 -
279 557 429 608 ιοιιοοοοι
454 555 540 628 equo
565 539 694 604 rentum
720 531 753 604 in
779 553 910 604 seenaun
936 531 1079 621 venisse,
1106 527 1178 620 sed,
1205 513 1305 624 quum
1328 527 1399 600 sci-

281 637 361 709 lieet
392 634 580 706 desiluisset
613 633 653 706 de
680 657 784 729 equo,
805 647 807 655 ’
828 634 979 729 quoniam
1014 631 1162 704 curribus
1197 650 1399 702 concurrere

279 763 346 810 non
372 736 558 834 potuerint,
595 743 632 806 ut
657 735 743 830 apud
769 735 920 832 Zoegum
947 733 996 804 T.
1020 731 1071 806 ΙΙ.
1106 733 1174 804 tah.
1202 729 1285 802 LV.
1313 731 1399 828 picti

281 841 367 929 sint,
402 835 548 934 pedestri
581 837 758 909 certamine
793 855 866 909 esse
900 861 972 908 cum
998 833 1131 906 Achille
1167 857 1399 928 congressum.

280 940 442 1014 Nimirum
468 937 502 1008 id
528 938 560 1009 ei
587 939 675 1011 visus
703 947 754 1011 est
779 937 985 1035 significasse
1000 935 1243 1032 Aristophanes
1268 934 1399 1006 inRa-

279 1043 333 1116 nis
359 1065 391 1112 v.
417 1042 506 1116 eol.
531 1037 584 1112 lris
609 1039 738 1113 uerbis:

788 1188 868 1264 ἀλλ’
897 1187 966 1264 οὐκ
990 1183 1270 1282 ἐκομπολάκουν

408 1289 481 1367 άπὸ
511 1298 580 1367 τοῦ
613 1297 767 1390 φρονεῖν
793 1285 1031 1378 ἀποσπάσας,
1066 1288 1149 1364 οὐδ’
1182 1287 1399 1385 ἐξέπληττον

939 1389 1077 1474 αὐτοὺς

409 1490 580 1578 Κύκνους
610 1501 729 1569 ποιῶν
753 1492 817 1571 καὶ
843 1491 1049 1621 Μέμνονας
1072 1489 1399 1592 κωδωνοφαλαρο-

939 1601 1095 1679 πωλους.

283 1709 359 1822 ΙΝοι]
385 1748 628 1846 persuadebunt
659 1749 724 1822 hoo
755 1748 831 1820 eliis
856 1748 956 1820 rerhe
979 1746 1226 1842 Aristophanis.
1277 1745 1330 1818 Δο
1356 1769 1399 1817 ne

285 1851 481 1922 scholiastes
520 1850 650 1945 quidem
684 1850 858 1947 quidquam
886 1848 1076 1920 huiusmodi
1109 1848 1297 1939 adnotavit,
1341 1849 1400 1944 qni

259 1945 385 2048 thuum
417 1952 553 2044 scripsit
576 1947 819 2032 Ἀπολλώνιός
848 1973 964 2046 φησιν
989 1948 1046 2023 ὅτι
1070 1945 1274 2048 παρήνεγκε
1296 1977 1398 2045 χρω-

284 2051 418 2148 μένους
441 2049 593 2123 κώδωσί
616 2079 732 2138 τινας,
758 2048 939 2133 κώδωνας
963 2053 1004 2125 ἐν
1028 2055 1105 2134 τοῖς
1127 2047 1311 2146 φαλάροις
1334 2047 1398 2124 καὶ

280 2156 448 2248 χαλινοῖς
469 2159 549 2224 τῶν
573 2151 697 2224 ἵππων
714 2153 876 2247 ἔχοντας,
904 2154 978 2248 quis
991 2177 1056 2224 non
1076 2152 1186 2225 videet
1202 2155 1285 2224 nihil
1306 2179 1401 2226 oom-

283 2255 379 2353 perti*
397 2255 550 2326 lrahuisse
576 2248 819 2350 Apollonium?
868 2253 946 2326 Non
971 2255 1102 2326 credam
1128 2255 1162 2325 in
1188 2279 1289 2327 scena
1315 2280 1399 2328 enn-

233 2373 235 2387 ’
284 2365 433 2452 spectum
458 2379 532 2426 esse
549 2355 759 2428 Memnonem
777 2352 1218 2453 κωδωνοφαλαρόπωλον,
1245 2357 1306 2428 sed
1325 2381 1398 2429 ver-

138 2483 140 2492 ’
282 2459 334 2528 his
360 2458 560 2553 descriptum
585 2456 687 2530 sehse
713 2460 785 2530 eius
811 2466 980 2548 ornatum,
1008 2459 1106 2530 sicuti
1130 2459 1166 2529 in
1191 2456 1333 2556 Septem
1355 2459 1400 2532 ad

284 2559 421 2654 Thehas
448 2559 609 2631 desento
636 2559 747 2655 Tydei
773 2585 804 2632 v.
831 2562 920 2634 392.
946 2561 1081 2652 dictnm,

320 2726 323 2734 ‘
407 2705 630 2806 χαλκήλατοι
653 2705 830 2800 κλάζουσι
852 2706 1025 2796 κώδωνες
1050 2706 1186 2810 φόβον.

385 2861 541 2958 Equitem
561 2863 671 2935 lacere
687 2861 895 2936 Memnonem
915 2864 1103 2961 expeditum
1119 2864 1183 2935 fuit
1195 2861 1401 2936 Welchero.

284 2963 370 3036 Nam
403 2989 440 3060 p·
464 2965 554 3038 433.
580 2987 673 3055 eum,
714 2967 835 3062 quippe
859 2964 1017 3057 Persam,
1053 2975 1091 3037 ut
1122 2967 1264 3062 equitem
1297 2989 1399 3062 posse

5 3155 7 3208 l
43 3124 45 3134 .
136 3113 145 3134 .
287 3067 428 3160 eogitari
454 3064 512 3137 uit.
564 3063 635 3136 Sed
668 3069 820 3161 quonium
854 3067 940 3162 qnod
973 3067 1101 3164 potuit,
1142 3093 1208 3138 non
1241 3069 1396 3138 continuo

285 3167 361 3255 fuit,
388 3166 490 3266 luisse
517 3167 771 3239 demonstratum
796 3169 857 3240 ivit
883 3193 936 3260 eo,
964 3169 1050 3264 quod
1072 3163 1224 3264 φάλαρα
1244 3168 1283 3238 ad
1300 3169 1400 3263 equi-

266 3265 272 3334 .’
287 3276 390 3342 tatum
415 3269 581 3364 pertinere
599 3291 643 3340 en
664 3271 716 3341 his
732 3255 907 3368 Euripidis
919 3272 954 3342 in
970 3269 1094 3368 Suppl.
1110 3273 1197 3344 584.
1220 3277 1398 3368 appareat:
1521 3268 1530 3342 ἰ

792 3420 986 3518 ὁρμᾶσθαι
1006 3421 1129 3519 χρέων

413 3513 523 3594 πάντ’
553 3519 663 3618 ἄνδρ’
691 3519 843 3618 ὁπλίτην
869 3519 1049 3619 ἁρμάτων
1073 3523 1108 3596 τ’
1138 3517 1366 3621 ἐπεμβάτην,

412 3619 670 3718 μοναμπύκων
693 3652 732 3696 τε
757 3621 908 3723 φάλαρα
931 3628 1137 3699 κινεῖσθαιε

288 3773 511 3870 distinguique
537 3799 577 3846 ea
604 3777 645 3846 ab
669 3775 805 3848 habenis
837 3787 870 3848 et
895 3777 997 3850 irenis
1024 3778 1109 3876 apud
1135 3778 1344 3851 Herodotum
1366 3777 1400 3850 Ι.
1529 3823 1530 3840 ι

289 3879 376 3949 215.
404 3877 532 3971 (quidni
559 3877 813 3972 distinguantur,
840 3901 922 3973 qnae
945 3903 1048 3974 neque
1064 3880 1211 3951 habenae
1229 3879 1402 3952 neelrena

10 3924 15 4031 i
289 3970 405 4070 sinti)
433 3989 466 4048 et
492 3977 580 4050 dicta
604 4001 678 4050 esse
704 3978 744 4047 eh
770 4001 870 4050 aureo
895 3981 1085 4074 splendore,
1111 3991 1196 4053 teste
1223 3979 1402 4074 Etymolo-

288 4077 364 4175 gie·
385 4075 441 4148 M.
456 4077 616 4155 Nimirum
642 4073 793 4175 φάλαρα
817 4104 884 4152 non
909 4091 985 4153 sunt
1002 4084 1145 4178 equitnm
1162 4083 1311 4179 propris,
1337 4105 1400 4154 neo

287 4188 467 4278 potnerunt
491 4177 563 4252 sola
588 4180 628 4249 ah
654 4179 816 4277 Euripide
841 4183 1024 4275 nominari,
1051 4185 1115 4256 nisi
1140 4179 1399 4280 μοναμπύκων

289 4273 439 4352 adderet
489 4279 732 4354 Grammaticus
763 4283 798 4352 in
831 4282 1032 4355 Bachmanni
1058 4287 1240 4358 Anecdotis
1268 4286 1338 4356 'roh
1364 4281 1398 4362 Ι,

287 4406 325 4475 p·
339 4383 430 4472 402,
456 4385 518 4456 30.
553 4376 721 4479 φάλαρα·
754 4381 822 4466 τάς
845 4383 1136 4481 προμετωπίδας.
1177 4385 1265 4469 τοὺς
1289 4385 1401 4460 ἀσπι-
