3084 5050
245 449 248 458 .
330 385 382 450 llll
402 385 570 454 QUINQUE
590 383 1014 450 romemos‘rorrsuurr.
1183 383 1228 452 ὕ

122 575 234 630 rerum
257 550 318 628 illa
342 551 512 644 amedera,
539 576 622 648 quae
646 550 733 650 opud
749 549 935 626 Zenobiou
959 559 995 624 et
1014 548 1151 626 Soidom
1176 553 1228 624 le·

18 719 25 740 ,
119 662 255 751 guntur,
281 676 302 724 a
326 653 443 750 quibus
462 675 542 728 »non'
560 655 665 750 longo·
685 653 726 727 ev
744 648 893 736 admone
913 653 996 726 illud
1017 654 1228 750 quorumdam
1349 733 1353 763 „

120 757 226 830 meso
283 752 374 830 Nam'
402 756 496 852 quasi
529 766 671 830 tesseras
706 755 757 830 illi
792 755 1024 852 intelligendas
1058 755 1227 852 putabant,

120 881 201 954 quas
221 856 261 956 Δἱιι
287 857 413 953 gremio
439 857 566 954 positos
598 856 755 937 laborent
779 857 846 930 diia
887 857 1010 930 reelius
1042 865 1150 929 sortes
1176 856 1229 928 oi-

119 959 269 1049 xiseent,
302 982 402 1053 quum
426 960 621 1055 praesertim
645 983 713 1032 non
736 959 833 1032 niuis
858 958 1019 1031 dissimile
1043 960 1108 1048 sit,
1142 957 1230 1054 qnod
1281 1039 1285 1048 ¹

9 1079 11 1092 “
119 1057 233 1135 loram
248 1059 292 1132 ‚in
320 1059 447 1136 bilance
472 1069 579 1138 sortes
601 1059 788 1136 mortiferas
805 1060 987 1157 ponderare
999 1060 1087 1134 idern
1103 1059 1232 1134 llnrno·

119 1186 177 1236 rus
203 1161 310 1236 finxit.
375 1227 378 1234 .
923 1212 925 1220 ‚

219 1261 319 1359 Apud
344 1261 512 1338 Romanos
539 1287 666 1359 quoqne
693 1262 733 1335 de
760 1259 908 1359 quinque·
926 1260 1088 1335 indieilrus
1113 1269 1232 1359 posa-

120 1375 192 1442 rum
226 1363 350 1460 aliquid
390 1364 555 1461 proditum
579 1373 642 1440 'est
682 1389 702 1438 a
735 1373 990 1440 commentatore
1021 1361 1156 1436 Horatii
1188 1364 1230 1438 ad

119 1465 232 1542 serm.
258 1463 290 1536 Ι.
318 1468 387 1554 10,
419 1467 482 1540 38.
515 1466 567 1538 lis
601 1467 728 1538 verbis:
769 1467 947 1540 Maedos
981 1465 1122 1562 Tarpa
1141 1463 1233 1562 ficit

8 1651 11 1664 ,
119 1565 247 1644 iudom
263 1567 438 1654 emtam,
462 1563 619 1640 meditor
634 1564 817 1641 meddam
837 1575 1060 1661 poematum
1080 1578 1120 1639 et
1138 1591 1230 1664 poo-

120 1681 254 1744 tarum
277 1667 321 1742 aba
346 1662 442 1740 aedo
466 1664 660 1763 Apollinis
684 1691 753 1740 eeu
777 1669 1002 1755 ommam,
1025 1690 1131 1766 quae
1155 1669 1234 1742 πίει·

121 1797 150 1844 a
166 1769 306 1866 Tarpa
330 1778 406 1840 aaut
427 1765 507 1840 aleo
531 1768 679 1859 erdere,
707 1769 777 1868 qui
798 1791 960 1842 numero
984 1779 1103 1841 oraret
1120 1770 1231 1868 quim·

122 1865 542 2060 lt’ul‘llttlzlu,
569 1894 616 2043 l
635 1863 1230 2066 ,diastematum

120 2075 157 2150 iu
189 2071 368 2147 Poetarum
397 2068 596 2146 Latinorum
627 2073 777 2169 reliquiis
808 2098 844 2169 p.
878 2075 954 2166 334
984 2096 1079 2169 seqq.
1111 2073 1229 2146 merito

123 2182 310 2272 suspectum
336 2181 388 2244 est
412 2173 492 2244 viris
519 2173 645 2246 doctis:
681 2176 811 2257 tametsi
836 2174 919 2246 illud
946 2199 1010 2246 non
1035 2174 1254 2248 incredibilell
1322 2199 1324 2208 ·

124 2285 187 2368 est,
215 2299 312 2371 quum
337 2297 358 2346 a
379 2272 522 2348 Neronis
547 2275 748 2373 temporibus
774 2276 899 2348 iudicas
925 2287 1095 2374 poetarum
1120 2277 1232 2368 sceui·

124 2401 236 2452 eorum
261 2385 493 2466 memorentur,
521 2374 561 2446 de
587 2399 651 2472 qoa
676 2399 712 2447 re
739 2375 824 2448 dixit
840 2374 992 2473 Longius
1014 2378 1049 2448 in
1063 2375 1231 2450 Vindiciis

124 2477 313 2576 tragoediae
338 2476 506 2550 Romanae
531 2500 567 2573 p.
584 2479 670 2568 ⁴24,
690 2477 733 2549 'in
757 2501 891 2549 numero
918 2501 1046 2572 quoque
1072 2477 1232 2551 adscitum

124 2605 198 2654 esse
223 2601 347 2650 morem
373 2575 552 2650 Graecum.

174 2678 323 2752 Praefati
354 2678 437 2749 haee
470 2699 601 2766 snmus,
637 2675 752 2771 optimi
777 2672 1046 2765 commilitones,
1081 2675 1234 2771 quoniam
1282 2721 1288 2740 .

124 2805 211 2856 noua
234 2778 441 2851 institutione
468 2776 559 2863 robis
585 2800 713 2873 quoque
739 2784 773 2848 et
794 2775 941 2848 certandi
966 2783 999 2849 et
1016 2776 1161 2873 praemia
1175 2798 1244 2862 ea·⁴

124 2882 238 2982 piendi
265 2878 492 2977 opportunitas
525 2877 665 2950 dabitur.
716 2876 896 2951 Decretum
927 2886 978 2952 est
1010 2878 1096 2950 enim
1120 2876 1235 2974 prori-

127 2984 238 3058 dentia
263 2991 296 3055 et
320 2979 518 3062 liberalitate
537 2976 692 3077 Supremi
717 2980 868 3076 publieae
893 2978 1109 3053 institutionis
1125 2978 1234 3052 Prae·

69 3113 72 3122 ’
128 3086 221 3177 sidii,
254 3093 290 3176 ut
315 3090 428 3156 nostra
454 3106 582 3177 quoque
607 3081 642 3153 in
667 3079 893 3154 Vniuersitate
918 3082 1120 3174 litterarum,
1148 3082 1234 3155 sicut

127 3189 162 3262 in
187 3187 262 3259 aliis
279 3183 480 3274 Aradamiis,
507 3183 715 3279 quaestiones
740 3183 897 3257 studiosis
923 3183 1092 3258 iuvenibus
1109 3207 1234 3280 propo-

128 3296 295 3378 nerentur,
320 3284 363 3357 ad
389 3309 469 3380 quas
495 3284 552 3379 qui
577 3284 709 3381 optime,
723 3285 984 3381 respondissent,
1010 3286 1155 3381 praemio
1177 3309 1234 3356 or-

128 3397 296 3462 narentur.
356 3384 454 3477 Quod
487 3407 591 3480 genus
623 3385 807 3457 aemulandi
840 3410 937 3481 quum
970 3386 1050 3458 alibi
1081 3408 1233 3482 magnum

129 3490 311 3564 studiormn
342 3486 585 3560 inritamentum
618 3509 691 3558 esse
725 3487 949 3577 existimetur,
985 3511 1026 3558 ne
1060 3485 1146 3581 apud
1164 3510 1233 3562 mos

123 3585 260 3688 'quidem
284 3589 390 3661 risum
423 3593 474 3659 est
501 3585 681 3657 desiderari
706 3586 836 3677 debere,
863 3588 1057 3686 praesertim
1082 3589 1235 3660 immuta·

130 3695 233 3784 tione,
261 3714 343 3788 quae
370 3689 410 3760 ad
435 3681 552 3759 melius
579 3686 739 3778 tenderet,
765 3711 873 3760 rerum
893 3697 1075 3760 nostrarum
1093 3689 1236 3766 omnium

130 3795 205 3868 lieri
231 3799 360 3889 coepta.
409 3788 459 3861 Et
483 3787 634 3887 profecto
659 3787 790 3860 litterae
811 3813 876 3862 non
896 3789 1235 3886 posthabendaosunt

132 3895 272 3970 eaeteris
298 3892 442 3981 artibus,
464 3913 559 3988 ⁴quas
591 3889 708 3986 genius
733 3891 845 3974 seculi⁸
863 3900 899 3962 ut
923 3891 1037 3990 plepas
1062 3891 1149 3963 lueri
1173 3915 1236 3964 ex·

131 4005 307 4095 partesque
343 3993 482 4091 periculi
521 3991 611 4063 fouet
649 3993 839 4088 praecipue.
904 3990 971 4064 Est
1002 3992 1088 4064 enim
1120 4017 1235 4066 reuera

133 4121 211 4171 suus
238 4097 354 4192 cuique
380 4119 460 4166 aevo
485 4093 620 4189 genius,
657 4117 721 4189 quo
755 4094 883 4166 nomine
910 4116 982 4166 eam
1005 4094 1235 4168 necessitatem

134 4199 350 4297 appellamus,
377 4219 459 4293 quae
485 4193 614 4267 occulta
639 4195 777 4290 quadam
801 4196 834 4267 vi
850 4204 974 4268 mentes
995 4196 1159 4268 hominmn
1174 4196 1236 4268 du·

135 4301 193 4374 eit.
243 4298 299 4372 Ea
323 4323 387 4394 quo
407 4297 523 4387 tendit,
550 4295 726 4392 sequimur,
752 4297 901 4394 plerique
918 4297 1022 4387 eaeei,
1047 4297 1143 4368 molti
1159 4321 1237 4393 spe·

134 4409 264 4493 rantes,
298 4399 398 4495 aliqui
423 4398 534 4474 resisti
560 4421 625 4470 non
649 4419 748 4492 posse
773 4397 933 4472 videntes.
982 4396 1068 4470 Nam
1092 4396 1168 4468 dum
1192 4397 1237 4468 li·
