3084 5050
418 419 713 482 uuununrrouus
732 385 969 482 smannens
1160 412 1246 504 ,141

136 588 237 679 thou,
267 585 354 684 qnod
379 585 571 660 Boeekhius
597 595 728 661 serrato
752 582 895 686 θρόνος
916 587 1117 662 nominativo
1142 587 1250 662 intro·

135 689 244 761 duxit.
296 688 406 762 Valde
432 688 562 762 diversa
588 698 664 764 suut
690 692 860 788 exempla,
888 713 972 786 quae
996 689 1180 783 Matthiae,
1207 689 1249 764 ad

119 816 230 888 quem
251 798 423 887 provocat,
450 792 631 889 congessit.
682 791 798 890 Neque
813 792 897 864 illud
916 791 989 864 lieri
1011 799 1135 889 potest,
1162 791 1249 888 quod

133 892 326 965 Boeokhius
350 893 432 984 vult,
459 901 497 965 ut
522 890 692 966 ἀλλὰκαὶ
708 895 899 967 sitoerum
914 896 1043 984 etiam,
1069 902 1167 990 atque
1184 893 1250 966 hoc

134 996 252 1070 etiam
284 994 329 1066 sit
356 1019 433 1094 pro
463 996 513 1067 tis
539 1019 642 1097 quae
665 1019 739 1096 ego
765 991 836 1068 tibi
858 994 1037 1070 eoeoeedo.
1094 994 1136 1066 Id
1162 995 1275 1066 enirn.

134 1096 308 1169 dicendum
333 1103 404 1168 erat
424 1093 523 1168 ’ἀλλὰ
547 1095 611 1171 καὶ
637 1093 718 1186 σός
746 1095 852 1170 Iunuo
877 1095 1078 1196 respondent
1102 1095 1167 1169 sihi
1186 1093 1250 1172 καὶ

134 1204 299 1272 σκᾶπτον
324 1193 515 1294 μόναρχον
540 1208 575 1272 et
598 1197 661 1272 καὶ
684 1195 845 1296 θρόνον.
949 1291 952 1298 .

202 1353 204 1360 ,
236 1297 285 1371 V.
312 1302 397 1376 103.
424 1301 546 1397 (290.)
597 1300 673 1376 Nou
699 1301 818 1398 probo,
845 1299 932 1396 quod
949 1299 1141 1374 Bocekhius
1165 1299 1249 1374 haec

133 1401 254 1488 verha,
288 1396 543 1497 μεμάντευμαι
568 1398 605 1475 d'
635 1400 694 1477 ἐπὶ
719 1399 929 1500 Κασταλίᾳ,
964 1406 996 1476 el
1020 1397 1250 1499 μετάλλατόν

132 1529 182 1590 τι,
209 1527 252 1574 ex
268 1501 398 1597 Heyuii‘
416 1503 581 1574 sententia
606 1505 657 1576 sio
680 1505 935 1600 interpretatura
968 1505 1006 1576 ei
1028 1503 1128 1605 quid
1148 1529 1247 1577 οοοι·

161 1605 262 1677 eriri
285 1615 427 1704 posset.
479 1603 564 1675 Nam
597 1627 637 1676 ea
668 1628 727 1701 spe
762 1628 875 1676 omues
901 1605 1076 1677 consulunt
1102 1605 1248 1678 oracula.

128 1631 250 1800 dlagis
275 1706 358 1776 mira
374 1703 551 1777 Disaenius
577 1704 712 1778 scribit:
739 1729 866 1802 „quum
892 1707 991 1778 etiam
1005 1705 1090 1777 falsa
1106 1716 1140 1780 et
1156 1728 1249 1778 rnen-

134 1806 231 1879 dacia
255 1806 382 1878 somnia
407 1806 495 1898 sint,
521 1815 619 1903 roget
643 1831 721 1878 num
745 1808 828 1879 haee
852 1831 906 1879 res
932 1806 1010 1878 talis
1035 1808 1092 1899 sit,
1119 1807 1160 1879 de
1185 1829 1249 1903 qua

134 1907 320 1980 accuratius
348 1907 587 2004 quaerendum,
615 1908 656 1980 de
682 1932 746 2005 qua
771 1910 900 1982 consuli
926 1917 1025 2006 queat
1049 1909 1143 2001 deus,
1170 1907 1248 2007 quid
1341 1911 1345 1916 ’

134 2009 223 2083 iacto
241 2033 339 2106 opus
373 2011 466 2082 sit.“
517 2003 633 2101 Quid?
671 2011 802 2104 rogarit
835 2035 915 2106 ergo
949 2011 1140 2103 oraculum,
1171 2035 1248 2084 nurn
1396 2042 1399 2056 ·

135 2120 225 2184 esset
251 2111 418 2184 omnnium
444 2105 654 2208 rogandum?
703 2112 811 2185 Recte
837 2113 1054 2186 scholiastes:
1089 2116 1121 2190 el
1145 2113 1249 2210 ἐρευ-

134 2211 265 2308 νητόαν
288 2240 324 2285 τι
349 2208 494 2287 τούτων
518 2211 581 2286 καὶ
607 2212 849 2311 φροντιστέον
874 2206 929 2288 ὧν
955 2211 975 2287 ὃ
995 2213 1136 2310 ὄνειρος
1150 2213 1244 2289 καθ’

66 2389 70 2396 ,
133 2311 275 2396 ὕπνους
304 2311 465 2388 ὑπέθετο
470 2367 484 2402 ,
524 2313 714 2390 τουτέστιν
746 2319 777 2388 εἰ
808 2314 1017 2412 apamien:
1061 2316 1250 2409 Quaerebat

134 2415 193 2488 ille
219 2441 263 2488 ex
285 2417 433 2506 oraculo,
460 2440 502 2487 au
519 2415 695 2487 curandum
718 2415 801 2488 illud
822 2412 995 2507 somnium,
1021 2419 1248 2488 tribuendum·

135 2541 200 2614 que
225 2515 257 2604 ei
283 2517 406 2612 aliquid
433 2524 534 2588 esset.
584 2517 776 2588 Buttmeuni
796 2516 974 2612 disputatio
1001 2516 1042 2587 de
1062 2518 1297 2611 μοταλλᾶνΙῧ

134 2627 170 2691 et
196 2615 375 2707 μέταλλον
399 2618 435 2688 in
461 2615 624 2713 Lexilog.
649 2615 683 2686 I.
708 2640 744 2712 p.
772 2616 859 2690 139.
884 2641 914 2687 a.
946 2633 1061 2712 perum
1086 2617 1167 2688 mihi
1191 2640 1249 2689 sa·

132 2719 272 2794 tisfacit.
649 2748 653 2754 ·
868 2759 870 2768 ·

237 2817 286 2891 V.
315 2821 401 2894 184.
418 2805 557 2915 Χ(328.)
590 2842 656 2890 uon
688 2824 741 2890 est
773 2817 842 2890 reri
876 2817 983 2890 simile
1016 2824 1053 2890 ut
1083 2815 1249 2890 Pindarus

135 2921 310 3018 scripserit
334 2914 548 3017 πρόςιλαιιν,
583 2918 670 3015 quod
695 2920 838 2992 coniecit
861 2918 1054 2992 Bocchhius
1079 2943 1123 2992 ex
1148 2919 1249 2992 scho-

124 3024 255 3098 liastae
279 3023 551 3120 interpretatione
577 3019 716 3094 ἐπέκαιε
741 3019 804 3095 καὶ
825 3019 984 3118 ἐνέβαλε.
1035 3019 1143 3095 Nimis
1161 3022 1249 3096 enim

134 3127 318 3198 insolenter
342 3124 508 3197 diceretur
528 3120 726 3220 raphedenae
744 3124 810 3196 ista
829 3131 1007 3221 potestate.
1058 3123 1149 3197 Mihi
1162 3124 1249 3198 sori·-

134 3228 243 3325 psisse
268 3227 399 3298 videtur
422 3224 606 3299 Pindarusr

1438 2781 1478 2853 l.

261 3375 330 3479 τὸν
364 3374 405 3451 dd
440 3379 633 3473 παμπειθῆ
668 3373 810 3477 γλυκὺν
843 3374 1012 3472 ἡμιθέοις
1050 3375 1091 3452 ἓν
1121 3357 1247 3452 πόθον

796 3473 964 3557 delecter
977 3475 1078 3578 Ἥρα

262 3575 352 3663 ναὸς
368 3579 532 3681 Ἀργοῦς.

239 3732 288 3806 V.
314 3732 402 3807 225.
438 3729 560 3829 (400.)
620 3727 697 3802 Νοο
728 3728 828 3803 eredo
861 3727 1041 3804 Pindarum
1073 3729 1248 3827 scripsisse

138 3834 227 3934 quod
252 3834 444 3908 Boechhios
469 3833 579 3923 dedit,
615 3833 650 3905 οἳ
674 3826 784 3931 φλόγ’
814 3827 887 3904 ἀπὸ
913 3833 1062 3914 ξανθᾶν
1086 3829 1248 3933 γνάθων

138 3944 275 4013 meite:
309 3960 383 4008 uam
408 3934 577 4032 vulgarius
610 3934 675 4008 hoc
706 3957 802 4032 quam
833 3928 1074 4034 pertimeat:
1110 3957 1150 4008 ae
1174 3958 1248 4006 mu-

138 4037 428 4114 taritBoechhius
453 4035 647 4109 seutentiam
672 4035 709 4108 in
733 4035 964 4108 dissertatione
990 4037 1106 4109 critica
1130 4061 1165 4132 p.
1184 4039 1246 4110 39.
1396 4097 1402 4108 ,

138 4140 221 4213 mihi
246 4141 428 4213 assentiens
461 4136 647 4210 defendenti
679 4138 860 4234 vulgatum·
911 4133 981 4211 Sed
1006 4147 1113 4211 tannen
1138 4136 1248 4210 lateu-

141 4243 216 4314 dum
243 4241 338 4314 valde
364 4243 462 4315 doras
488 4263 562 4312 esse
586 4241 668 4312 istas
693 4240 728 4312 in
752 4240 878 4314 duobus
894 4242 1058 4338 contiguis
1079 4239 1247 4310 roeahulis
1529 4327 1532 4340 1

142 4344 398 4418 connectiones.
449 4342 560 4435 Quare
593 4366 691 4439 quum
723 4342 919 4415 scholiastes
945 4343 1086 4431 scribat,
1120 4339 1249 4421 οἵτινες
1394 4337 1397 4354 ’

142 4451 220 4520 τῶν
246 4445 402 4529 ξανθῶν
431 4439 577 4544 γενύων
602 4437 724 4543 φλόγα
749 4441 930 4519 ἀπόπνοον
954 4438 1152 4536 καιομένου
1178 4465 1249 4515 πο-
