<?xml version="1.0" encoding="UTF-8"?>
<!DOCTYPE html PUBLIC "-//W3C//DTD XHTML 1.0 Transitional//EN"
    "http://www.w3.org/TR/xhtml1/DTD/xhtml1-transitional.dtd">
<html xmlns="http://www.w3.org/1999/xhtml" xml:lang="en" lang="en">
 <head>
  <title>
</title>
<meta http-equiv="Content-Type" content="text/html;charset=utf-8" />
  <meta name='ocr-system' content='tesseract 3.04.00' />
  <meta name='ocr-capabilities' content='ocr_page ocr_carea ocr_par ocr_line ocrx_word'/>
</head>
<body>
  <div class='ocr_page' id='page_1' title='image "./opuscula05hermgoog/opuscula05hermgoog_0146.png"; bbox 0 0 3084 5050; ppageno 0'>
   <div class='ocr_carea' id='block_1_1' title="bbox 352 385 1228 486">
    <p class='ocr_par' dir='ltr' id='par_1_1' title="bbox 345 385 1228 493">
     <span class='ocr_line' id='line_1_1' title="bbox 352 385 1228 486; baseline 0 -22"><span class='ocrx_word' id='word_1_1' title='bbox 352 385 355 392; x_wconf 83' lang='lat'>&#39;</span> <span class='ocrx_word' id='word_1_2' title='bbox 397 398 694 464; x_wconf 74' lang='lat' dir='ltr'><strong>mmmrmours</strong></span> <span class='ocrx_word' id='word_1_3' title='bbox 712 397 951 486; x_wconf 70' lang='lat' dir='ltr'><strong>emersurum</strong></span> <span class='ocrx_word' id='word_1_4' title='bbox 1166 391 1228 466; x_wconf 78' lang='lat' dir='ltr'><strong>rar</strong></span> 
     </span>
    </p>
   </div>
   <div class='ocr_carea' id='block_1_2' title="bbox 122 505 1230 676">
    <p class='ocr_par' dir='ltr' id='par_1_2' title="bbox 122 505 1230 676">
     <span class='ocr_line' id='line_1_2' title="bbox 122 505 1230 676; baseline -0.005 -31"><span class='ocrx_word' id='word_1_5' title='bbox 122 570 153 645; x_wconf 85' lang='lat' dir='ltr'><strong>is</strong></span> <span class='ocrx_word' id='word_1_6' title='bbox 176 563 358 670; x_wconf 70' lang='grc' dir='ltr'><strong><em>φάρμακα</em></strong></span> <span class='ocrx_word' id='word_1_7' title='bbox 383 567 541 676; x_wconf 79' lang='lat' dir='ltr'><strong>seriptum</strong></span> <span class='ocrx_word' id='word_1_8' title='bbox 566 525 700 665; x_wconf 81' lang='lat' dir='ltr'><strong>legerit,</strong></span> <span class='ocrx_word' id='word_1_9' title='bbox 726 591 766 641; x_wconf 90' lang='lat' dir='ltr'><strong>ao</strong></span> <span class='ocrx_word' id='word_1_10' title='bbox 790 591 857 642; x_wconf 86' lang='lat' dir='ltr'><strong>rou</strong></span> <span class='ocrx_word' id='word_1_11' title='bbox 882 566 1008 666; x_wconf 78' lang='lat' dir='ltr'><strong>potius,</strong></span> <span class='ocrx_word' id='word_1_12' title='bbox 1035 505 1128 664; x_wconf 79' lang='lat' dir='ltr'><strong>quod</strong></span> <span class='ocrx_word' id='word_1_13' title='bbox 1146 566 1230 639; x_wconf 82' lang='lat' dir='ltr'>nihil</span> 
     </span>
    </p>
   </div>
   <div class='ocr_carea' id='block_1_3' title="bbox 122 664 1260 1052">
    <p class='ocr_par' dir='ltr' id='par_1_3' title="bbox 122 664 1260 1052">
     <span class='ocr_line' id='line_1_3' title="bbox 122 664 1260 769; baseline -0.004 -23"><span class='ocrx_word' id='word_1_14' title='bbox 122 672 320 746; x_wconf 86' lang='lat' dir='ltr'><strong>huiusmodi</strong></span> <span class='ocrx_word' id='word_1_15' title='bbox 336 671 480 769; x_wconf 84' lang='lat' dir='ltr'><strong>positum</strong></span> <span class='ocrx_word' id='word_1_16' title='bbox 513 693 533 741; x_wconf 91' lang='lat' dir='ltr'><strong>a</strong></span> <span class='ocrx_word' id='word_1_17' title='bbox 563 667 709 744; x_wconf 81' lang='lat' dir='ltr'><strong>Pindaro</strong></span> <span class='ocrx_word' id='word_1_18' title='bbox 741 670 888 762; x_wconf 85' lang='lat' dir='ltr'><strong>rideret,</strong></span> <span class='ocrx_word' id='word_1_19' title='bbox 924 669 998 768; x_wconf 84' lang='lat' dir='ltr'><strong>ipsa</strong></span> <span class='ocrx_word' id='word_1_20' title='bbox 1030 667 1114 740; x_wconf 91' lang='lat' dir='ltr'><strong>illud</strong></span> <span class='ocrx_word' id='word_1_21' title='bbox 1144 664 1260 743; x_wconf 69' lang='grc' dir='ltr'><strong><em>τινα</em></strong></span> 
     </span>
     <span class='ocr_line' id='line_1_4' title="bbox 122 769 1231 872; baseline -0.005 -23"><span class='ocrx_word' id='word_1_22' title='bbox 122 771 212 872; x_wconf 80' lang='grc' dir='ltr'><strong><em>πρὸς</em></strong></span> <span class='ocrx_word' id='word_1_23' title='bbox 236 769 441 870; x_wconf 75' lang='grc' dir='ltr'><strong><em>θεραπείαν</em></strong></span> <span class='ocrx_word' id='word_1_24' title='bbox 464 771 637 858; x_wconf 74' lang='lat' dir='ltr'><strong>adieoerit.</strong></span> <span class='ocrx_word' id='word_1_25' title='bbox 686 771 849 870; x_wconf 81' lang='lat' dir='ltr'><strong>Apertum</strong></span> <span class='ocrx_word' id='word_1_26' title='bbox 868 779 920 845; x_wconf 88' lang='lat' dir='ltr'><strong>ost</strong></span> <span class='ocrx_word' id='word_1_27' title='bbox 938 772 1036 862; x_wconf 84' lang='lat' dir='ltr'><strong>euim,</strong></span> <span class='ocrx_word' id='word_1_28' title='bbox 1063 793 1128 844; x_wconf 84' lang='lat' dir='ltr'><strong>roo</strong></span> <span class='ocrx_word' id='word_1_29' title='bbox 1148 795 1231 867; x_wconf 79' lang='lat' dir='ltr'><strong>opus</strong></span> 
     </span>
     <span class='ocr_line' id='line_1_5' title="bbox 122 868 1234 1052; baseline -0.004 -103"><span class='ocrx_word' id='word_1_30' title='bbox 122 875 369 1052; x_wconf 40' lang='lat' dir='ltr'><strong>&amp;egentissimis</strong></span> <span class='ocrx_word' id='word_1_31' title='bbox 400 868 593 974; x_wconf 71' lang='grc' dir='ltr'><strong>φάρμακα.</strong></span> <span class='ocrx_word' id='word_1_32' title='bbox 666 873 754 966; x_wconf 77' lang='lat' dir='ltr'><strong>Quid</strong></span> <span class='ocrx_word' id='word_1_33' title='bbox 786 872 908 972; x_wconf 84' lang='lat' dir='ltr'><strong>igitur,</strong></span> <span class='ocrx_word' id='word_1_34' title='bbox 951 873 982 946; x_wconf 89' lang='lat' dir='ltr'><strong>si</strong></span> <span class='ocrx_word' id='word_1_35' title='bbox 1016 871 1067 946; x_wconf 87' lang='lat' dir='ltr'><strong>aio</strong></span> <span class='ocrx_word' id='word_1_36' title='bbox 1097 871 1234 970; x_wconf 73' lang='lat' dir='ltr'>scripsit</span> 
     </span>
    </p>
   </div>
   <div class='ocr_carea' id='block_1_4' title="bbox 222 1119 1303 1428">
    <p class='ocr_par' dir='ltr' id='par_1_4' title="bbox 222 1119 1303 1428">
     <span class='ocr_line' id='line_1_6' title="bbox 222 1119 1303 1267; baseline -0.01 -64"><span class='ocrx_word' id='word_1_37' title='bbox 222 1125 310 1210; x_wconf 80' lang='grc' dir='ltr'><em>τοὺς</em></span> <span class='ocrx_word' id='word_1_38' title='bbox 335 1123 376 1202; x_wconf 76' lang='grc' dir='ltr'><strong>δὲ</strong></span> <span class='ocrx_word' id='word_1_39' title='bbox 393 1123 573 1226; x_wconf 73' lang='grc' dir='ltr'><strong><em>προςανὲα</em></strong></span> <span class='ocrx_word' id='word_1_40' title='bbox 589 1122 778 1214; x_wconf 72' lang='lat' dir='ltr'><strong>mirmur,</strong></span> <span class='ocrx_word' id='word_1_41' title='bbox 802 1119 959 1267; x_wconf 51' lang='lat' dir='ltr'><strong>miore</strong></span> <span class='ocrx_word' id='word_1_42' title='bbox 973 1122 1055 1226; x_wconf 76' lang='grc' dir='ltr'><strong><em>πέρι</em></strong></span> <span class='ocrx_word' id='word_1_43' title='bbox 1077 1122 1083 1227; x_wconf 83' lang='grc' dir='ltr'>Ι</span> <span class='ocrx_word' id='word_1_44' title='bbox 1105 1121 1235 1200; x_wconf 79' lang='grc' dir='ltr'><strong><em>ἅπτων</em></strong></span> <span class='ocrx_word' id='word_1_45' title='bbox 1297 1125 1303 1192; x_wconf 86' lang='grc'><strong>,’</strong></span> 
     </span>
     <span class='ocr_line' id='line_1_7' title="bbox 601 1254 854 1306; baseline -0.024 0"><span class='ocrx_word' id='word_1_46' title='bbox 601 1301 604 1306; x_wconf 91' lang='grc'><strong>.</strong></span> <span class='ocrx_word' id='word_1_47' title='bbox 779 1254 854 1301; x_wconf 77' lang='grc' dir='ltr'><strong><em>τινι</em></strong></span> 
     </span>
     <span class='ocr_line' id='line_1_8' title="bbox 224 1230 1092 1428; baseline 0.001 -23"><span class='ocrx_word' id='word_1_48' title='bbox 224 1325 406 1419; x_wconf 67' lang='lat' dir='ltr'><strong>admodo,</strong></span> <span class='ocrx_word' id='word_1_49' title='bbox 430 1325 517 1412; x_wconf 80' lang='grc' dir='ltr'><strong><em>τοὺς</em></strong></span> <span class='ocrx_word' id='word_1_50' title='bbox 542 1325 583 1402; x_wconf 77' lang='grc' dir='ltr'><strong>δὲ</strong></span> <span class='ocrx_word' id='word_1_51' title='bbox 607 1332 740 1425; x_wconf 77' lang='grc' dir='ltr'><strong><em>τομαῖς</em></strong></span> <span class='ocrx_word' id='word_1_52' title='bbox 762 1230 916 1405; x_wconf 55' lang='lat' dir='ltr'><strong>bossard</strong></span> <span class='ocrx_word' id='word_1_53' title='bbox 941 1324 1092 1428; x_wconf 76' lang='grc' dir='ltr'><strong>ὀρθούς.</strong></span> 
     </span>
    </p>
   </div>
   <div class='ocr_carea' id='block_1_5' title="bbox 9 1477 1318 3488">
    <p class='ocr_par' dir='ltr' id='par_1_5' title="bbox 124 1477 1239 1783">
     <span class='ocr_line' id='line_1_9' title="bbox 126 1477 1236 1578; baseline -0.005 -18"><span class='ocrx_word' id='word_1_54' title='bbox 126 1479 322 1570; x_wconf 65' lang='lat' dir='ltr'><strong>naneae,</strong></span> <span class='ocrx_word' id='word_1_55' title='bbox 347 1490 385 1554; x_wconf 93' lang='lat' dir='ltr'><strong>ut</strong></span> <span class='ocrx_word' id='word_1_56' title='bbox 410 1480 574 1578; x_wconf 78' lang='grc' dir='ltr'><strong><em>ἄντροθε</em></strong></span> <span class='ocrx_word' id='word_1_57' title='bbox 593 1479 698 1577; x_wconf 76' lang='lat' dir='ltr'><strong>Pyd.</strong></span> <span class='ocrx_word' id='word_1_58' title='bbox 715 1479 784 1554; x_wconf 86' lang='lat' dir='ltr'><strong>IV.</strong></span> <span class='ocrx_word' id='word_1_59' title='bbox 813 1485 899 1557; x_wconf 84' lang='lat'>102.</span> <span class='ocrx_word' id='word_1_60' title='bbox 924 1477 1093 1575; x_wconf 73' lang='grc' dir='ltr'><strong><em>ματρόθε</em></strong></span> <span class='ocrx_word' id='word_1_61' title='bbox 1116 1480 1236 1556; x_wconf 84' lang='lat' dir='ltr'><strong>Istbm.</strong></span> 
     </span>
     <span class='ocr_line' id='line_1_10' title="bbox 124 1582 1239 1680; baseline -0.002 -21"><span class='ocrx_word' id='word_1_62' title='bbox 124 1586 289 1660; x_wconf 83' lang='lat'><strong>111.17.</strong></span> <span class='ocrx_word' id='word_1_63' title='bbox 338 1582 394 1656; x_wconf 88' lang='lat' dir='ltr'><strong>Ita</strong></span> <span class='ocrx_word' id='word_1_64' title='bbox 425 1582 482 1654; x_wconf 87' lang='lat' dir='ltr'><strong>bio</strong></span> <span class='ocrx_word' id='word_1_65' title='bbox 514 1605 642 1680; x_wconf 87' lang='lat' dir='ltr'><strong>quoque</strong></span> <span class='ocrx_word' id='word_1_66' title='bbox 674 1605 789 1654; x_wconf 83' lang='lat' dir='ltr'><strong>versus</strong></span> <span class='ocrx_word' id='word_1_67' title='bbox 821 1590 855 1655; x_wconf 87' lang='lat' dir='ltr'><strong>et</strong></span> <span class='ocrx_word' id='word_1_68' title='bbox 886 1583 1081 1656; x_wconf 85' lang='lat' dir='ltr'><strong>iroisiouem</strong></span> <span class='ocrx_word' id='word_1_69' title='bbox 1106 1583 1239 1657; x_wconf 85' lang='lat' dir='ltr'><strong>habebit</strong></span> 
     </span>
     <span class='ocr_line' id='line_1_11' title="bbox 126 1681 1237 1783; baseline -0.005 -21"><span class='ocrx_word' id='word_1_70' title='bbox 126 1713 221 1778; x_wconf 89' lang='lat' dir='ltr'><strong>eam,</strong></span> <span class='ocrx_word' id='word_1_71' title='bbox 245 1707 354 1783; x_wconf 51' lang='lat' dir='ltr'><strong>‘quum</strong></span> <span class='ocrx_word' id='word_1_72' title='bbox 380 1681 522 1774; x_wconf 83' lang='lat' dir='ltr'><strong>caeteri,</strong></span> <span class='ocrx_word' id='word_1_73' title='bbox 559 1692 594 1754; x_wconf 85' lang='lat' dir='ltr'><strong>at</strong></span> <span class='ocrx_word' id='word_1_74' title='bbox 624 1683 756 1754; x_wconf 84' lang='lat' dir='ltr'><strong>brevem</strong></span> <span class='ocrx_word' id='word_1_75' title='bbox 788 1692 864 1757; x_wconf 83' lang='lat' dir='ltr'><strong>aute</strong></span> <span class='ocrx_word' id='word_1_76' title='bbox 888 1684 1037 1756; x_wconf 90' lang='lat' dir='ltr'><strong>ultimum</strong></span> <span class='ocrx_word' id='word_1_77' title='bbox 1061 1685 1237 1756; x_wconf 82' lang='lat' dir='ltr'><strong>membrum</strong></span> 
     </span>
    </p>

    <p class='ocr_par' dir='ltr' id='par_1_6' title="bbox 9 1782 1315 2401">
     <span class='ocr_line' id='line_1_12' title="bbox 9 1782 1241 1886; baseline -0.006 -23"><span class='ocrx_word' id='word_1_78' title='bbox 9 1785 12 1798; x_wconf 83' lang='lat'>&#39;</span> <span class='ocrx_word' id='word_1_79' title='bbox 127 1787 301 1886; x_wconf 78' lang='lat' dir='ltr'><strong>syllabam,</strong></span> <span class='ocrx_word' id='word_1_80' title='bbox 325 1794 364 1858; x_wconf 86' lang='lat' dir='ltr'><strong>ut</strong></span> <span class='ocrx_word' id='word_1_81' title='bbox 387 1784 513 1882; x_wconf 86' lang='lat' dir='ltr'><strong>primus</strong></span> <span class='ocrx_word' id='word_1_82' title='bbox 538 1792 636 1880; x_wconf 84' lang='lat' dir='ltr'><strong>atque</strong></span> <span class='ocrx_word' id='word_1_83' title='bbox 658 1784 804 1858; x_wconf 86' lang='lat' dir='ltr'><strong>ultimus.</strong></span> <span class='ocrx_word' id='word_1_84' title='bbox 856 1782 927 1858; x_wconf 86' lang='lat' dir='ltr'><strong>Sed</strong></span> <span class='ocrx_word' id='word_1_85' title='bbox 943 1810 1010 1859; x_wconf 87' lang='lat' dir='ltr'><strong>rou</strong></span> <span class='ocrx_word' id='word_1_86' title='bbox 1025 1794 1241 1882; x_wconf 83' lang='lat' dir='ltr'><strong>praetereun-</strong></span> 
     </span>
     <span class='ocr_line' id='line_1_13' title="bbox 127 1886 1315 1985; baseline -0.001 -22"><span class='ocrx_word' id='word_1_87' title='bbox 127 1893 191 1964; x_wconf 92' lang='lat' dir='ltr'><strong>dus</strong></span> <span class='ocrx_word' id='word_1_88' title='bbox 217 1897 269 1962; x_wconf 88' lang='lat' dir='ltr'><strong>est</strong></span> <span class='ocrx_word' id='word_1_89' title='bbox 294 1889 426 1985; x_wconf 86' lang='lat' dir='ltr'><strong>quintae</strong></span> <span class='ocrx_word' id='word_1_90' title='bbox 452 1886 608 1984; x_wconf 84' lang='lat' dir='ltr'><strong>strophae</strong></span> <span class='ocrx_word' id='word_1_91' title='bbox 633 1903 767 1979; x_wconf 82' lang='lat' dir='ltr'><strong>uersus,</strong></span> <span class='ocrx_word' id='word_1_92' title='bbox 800 1886 835 1958; x_wconf 90' lang='lat' dir='ltr'><strong>iu</strong></span> <span class='ocrx_word' id='word_1_93' title='bbox 861 1911 925 1985; x_wconf 89' lang='lat' dir='ltr'><strong>quo</strong></span> <span class='ocrx_word' id='word_1_94' title='bbox 951 1888 1016 1960; x_wconf 88' lang='lat' dir='ltr'><strong>etsi</strong></span> <span class='ocrx_word' id='word_1_95' title='bbox 1040 1911 1106 1960; x_wconf 90' lang='lat' dir='ltr'><strong>uou</strong></span> <span class='ocrx_word' id='word_1_96' title='bbox 1125 1887 1242 1984; x_wconf 81' lang='lat' dir='ltr'><strong>negle-</strong></span> <span class='ocrx_word' id='word_1_97' title='bbox 1311 1959 1315 1962; x_wconf 84' lang='lat'>.</span> 
     </span>
     <span class='ocr_line' id='line_1_14' title="bbox 129 1987 1242 2091; baseline -0.004 -24"><span class='ocrx_word' id='word_1_98' title='bbox 129 2001 185 2067; x_wconf 86' lang='lat' dir='ltr'><strong>ote</strong></span> <span class='ocrx_word' id='word_1_99' title='bbox 210 1998 262 2064; x_wconf 84' lang='lat' dir='ltr'><strong>est</strong></span> <span class='ocrx_word' id='word_1_100' title='bbox 286 1987 418 2081; x_wconf 88' lang='lat' dir='ltr'><strong>iuoisio,</strong></span> <span class='ocrx_word' id='word_1_101' title='bbox 444 1995 554 2061; x_wconf 86' lang='lat' dir='ltr'><strong>tamea</strong></span> <span class='ocrx_word' id='word_1_102' title='bbox 578 2013 641 2061; x_wconf 85' lang='lat' dir='ltr'><strong>mee</strong></span> <span class='ocrx_word' id='word_1_103' title='bbox 665 2011 727 2086; x_wconf 82' lang='lat' dir='ltr'><strong>par</strong></span> <span class='ocrx_word' id='word_1_104' title='bbox 751 2013 823 2062; x_wconf 85' lang='lat' dir='ltr'><strong>eam</strong></span> <span class='ocrx_word' id='word_1_105' title='bbox 849 1989 948 2062; x_wconf 86' lang='lat' dir='ltr'><strong>avelli</strong></span> <span class='ocrx_word' id='word_1_106' title='bbox 972 2015 1014 2091; x_wconf 75' lang='lat' dir='ltr'><strong>ys</strong></span> <span class='ocrx_word' id='word_1_107' title='bbox 1040 1989 1080 2060; x_wconf 89' lang='lat' dir='ltr'><strong>ab</strong></span> <span class='ocrx_word' id='word_1_108' title='bbox 1098 2013 1157 2062; x_wconf 92' lang='lat' dir='ltr'><strong>suo</strong></span> <span class='ocrx_word' id='word_1_109' title='bbox 1178 2014 1242 2062; x_wconf 87' lang='lat' dir='ltr'><strong>uo·</strong></span> 
     </span>
     <span class='ocr_line' id='line_1_15' title="bbox 129 2089 1243 2189; baseline -0.004 -22"><span class='ocrx_word' id='word_1_110' title='bbox 129 2095 217 2168; x_wconf 85' lang='lat' dir='ltr'><strong>mine</strong></span> <span class='ocrx_word' id='word_1_111' title='bbox 244 2089 394 2183; x_wconf 87' lang='lat' dir='ltr'><strong>debebat,</strong></span> <span class='ocrx_word' id='word_1_112' title='bbox 420 2114 482 2164; x_wconf 86' lang='lat' dir='ltr'><strong>neo</strong></span> <span class='ocrx_word' id='word_1_113' title='bbox 507 2114 568 2188; x_wconf 86' lang='lat' dir='ltr'><strong>per</strong></span> <span class='ocrx_word' id='word_1_114' title='bbox 592 2114 628 2162; x_wconf 89' lang='lat' dir='ltr'><strong>se</strong></span> <span class='ocrx_word' id='word_1_115' title='bbox 653 2097 749 2188; x_wconf 79' lang='lat' dir='ltr'><strong>grata</strong></span> <span class='ocrx_word' id='word_1_116' title='bbox 775 2098 826 2163; x_wconf 90' lang='lat' dir='ltr'><strong>est</strong></span> <span class='ocrx_word' id='word_1_117' title='bbox 850 2091 1024 2189; x_wconf 82' lang='lat' dir='ltr'><strong>productio</strong></span> <span class='ocrx_word' id='word_1_118' title='bbox 1045 2091 1141 2164; x_wconf 88' lang='lat' dir='ltr'><strong>buius</strong></span> <span class='ocrx_word' id='word_1_119' title='bbox 1163 2113 1243 2188; x_wconf 82' lang='lat' dir='ltr'><strong>par-</strong></span> 
     </span>
     <span class='ocr_line' id='line_1_16' title="bbox 129 2190 1243 2291; baseline -0.001 -21"><span class='ocrx_word' id='word_1_120' title='bbox 129 2196 253 2270; x_wconf 89' lang='lat' dir='ltr'><strong>tioulaa</strong></span> <span class='ocrx_word' id='word_1_121' title='bbox 285 2193 320 2266; x_wconf 91' lang='lat' dir='ltr'><strong>iu</strong></span> <span class='ocrx_word' id='word_1_122' title='bbox 352 2192 412 2265; x_wconf 85' lang='lat' dir='ltr'><strong>tali</strong></span> <span class='ocrx_word' id='word_1_123' title='bbox 443 2192 519 2266; x_wconf 88' lang='lat' dir='ltr'><strong>loeo</strong></span> <span class='ocrx_word' id='word_1_124' title='bbox 552 2190 662 2265; x_wconf 89' lang='lat' dir='ltr'><strong>metri.</strong></span> <span class='ocrx_word' id='word_1_125' title='bbox 714 2192 824 2288; x_wconf 67' lang='lat' dir='ltr'><strong>Quare</strong></span> <span class='ocrx_word' id='word_1_126' title='bbox 857 2195 1009 2290; x_wconf 79' lang='lat' dir='ltr'><strong>suspicor</strong></span> <span class='ocrx_word' id='word_1_127' title='bbox 1032 2191 1243 2291; x_wconf 74' lang='grc' dir='ltr'><strong><em>λευκωλένῳ</em></strong></span> 
     </span>
     <span class='ocr_line' id='line_1_17' title="bbox 130 2290 1025 2401; baseline -0.002 -30"><span class='ocrx_word' id='word_1_128' title='bbox 130 2297 167 2401; x_wconf 75' lang='grc' dir='ltr'><strong>γ’</strong></span> <span class='ocrx_word' id='word_1_129' title='bbox 199 2290 250 2371; x_wconf 82' lang='grc' dir='ltr'><strong>αὖ</strong></span> <span class='ocrx_word' id='word_1_130' title='bbox 274 2291 368 2376; x_wconf 76' lang='grc' dir='ltr'><em>Ζεὺς</em></span> <span class='ocrx_word' id='word_1_131' title='bbox 393 2290 512 2392; x_wconf 83' lang='grc' dir='ltr'><strong><em>πατὴρ</em></strong></span> <span class='ocrx_word' id='word_1_132' title='bbox 536 2317 613 2366; x_wconf 88' lang='lat' dir='ltr'><strong>esse</strong></span> <span class='ocrx_word' id='word_1_133' title='bbox 639 2318 659 2365; x_wconf 91' lang='lat' dir='ltr'><strong>a</strong></span> <span class='ocrx_word' id='word_1_134' title='bbox 682 2292 829 2366; x_wconf 86' lang='lat' dir='ltr'><strong>Pindaro</strong></span> <span class='ocrx_word' id='word_1_135' title='bbox 856 2296 1025 2392; x_wconf 65' lang='lat' dir='ltr'><strong>somlrtum.</strong></span> 
     </span>
    </p>

    <p class='ocr_par' dir='ltr' id='par_1_7' title="bbox 132 2393 1247 2593">
     <span class='ocr_line' id='line_1_18' title="bbox 234 2393 1246 2491; baseline -0.004 -21"><span class='ocrx_word' id='word_1_136' title='bbox 234 2397 344 2470; x_wconf 84' lang='lat' dir='ltr'><strong>Attuli</strong></span> <span class='ocrx_word' id='word_1_137' title='bbox 368 2396 470 2487; x_wconf 85' lang='lat' dir='ltr'><strong>bauo,</strong></span> <span class='ocrx_word' id='word_1_138' title='bbox 509 2420 576 2467; x_wconf 89' lang='lat' dir='ltr'><strong>uou</strong></span> <span class='ocrx_word' id='word_1_139' title='bbox 608 2419 672 2491; x_wconf 86' lang='lat' dir='ltr'><strong>quo</strong></span> <span class='ocrx_word' id='word_1_140' title='bbox 698 2419 777 2466; x_wconf 81' lang='lat' dir='ltr'><strong>vera</strong></span> <span class='ocrx_word' id='word_1_141' title='bbox 801 2395 1152 2487; x_wconf 71' lang='lat' dir='ltr'><strong>essooontondorom,</strong></span> <span class='ocrx_word' id='word_1_142' title='bbox 1186 2393 1246 2468; x_wconf 84' lang='lat' dir='ltr'><strong>sed</strong></span> 
     </span>
     <span class='ocr_line' id='line_1_19' title="bbox 132 2492 1247 2593; baseline -0.007 -19"><span class='ocrx_word' id='word_1_143' title='bbox 132 2507 171 2574; x_wconf 88' lang='lat' dir='ltr'><strong>ut</strong></span> <span class='ocrx_word' id='word_1_144' title='bbox 197 2497 318 2573; x_wconf 81' lang='lat' dir='ltr'><strong>similia</strong></span> <span class='ocrx_word' id='word_1_145' title='bbox 343 2498 444 2570; x_wconf 80' lang='lat' dir='ltr'><strong>ueris.</strong></span> <span class='ocrx_word' id='word_1_146' title='bbox 495 2492 566 2568; x_wconf 85' lang='lat' dir='ltr'><strong>Sed</strong></span> <span class='ocrx_word' id='word_1_147' title='bbox 591 2497 621 2568; x_wconf 89' lang='lat' dir='ltr'><strong>si</strong></span> <span class='ocrx_word' id='word_1_148' title='bbox 646 2520 725 2568; x_wconf 81' lang='lat' dir='ltr'><strong>vera</strong></span> <span class='ocrx_word' id='word_1_149' title='bbox 750 2507 839 2586; x_wconf 89' lang='lat' dir='ltr'><strong>suut,</strong></span> <span class='ocrx_word' id='word_1_150' title='bbox 865 2521 931 2568; x_wconf 85' lang='lat' dir='ltr'><strong>nou</strong></span> <span class='ocrx_word' id='word_1_151' title='bbox 956 2497 1021 2568; x_wconf 88' lang='lat' dir='ltr'><strong>erit</strong></span> <span class='ocrx_word' id='word_1_152' title='bbox 1039 2504 1147 2568; x_wconf 88' lang='lat' dir='ltr'><strong>tamen</strong></span> <span class='ocrx_word' id='word_1_153' title='bbox 1164 2518 1247 2593; x_wconf 82' lang='lat' dir='ltr'><strong>pro-</strong></span> 
     </span>
    </p>

    <p class='ocr_par' dir='ltr' id='par_1_8' title="bbox 80 2595 1318 3102">
     <span class='ocr_line' id='line_1_20' title="bbox 80 2595 1245 2702; baseline -0.006 -27"><span class='ocrx_word' id='word_1_154' title='bbox 80 2635 82 2648; x_wconf 94' lang='lat'><em>·</em></span> <span class='ocrx_word' id='word_1_155' title='bbox 132 2611 211 2702; x_wconf 81' lang='lat' dir='ltr'><strong>pter</strong></span> <span class='ocrx_word' id='word_1_156' title='bbox 236 2601 361 2672; x_wconf 87' lang='lat' dir='ltr'><strong>hiatum</strong></span> <span class='ocrx_word' id='word_1_157' title='bbox 393 2605 428 2668; x_wconf 90' lang='lat' dir='ltr'><strong>et</strong></span> <span class='ocrx_word' id='word_1_158' title='bbox 459 2597 617 2690; x_wconf 77' lang='lat' dir='ltr'><strong>syllabam</strong></span> <span class='ocrx_word' id='word_1_159' title='bbox 642 2596 819 2692; x_wconf 82' lang='lat' dir='ltr'><strong>aooipitam</strong></span> <span class='ocrx_word' id='word_1_160' title='bbox 843 2604 981 2667; x_wconf 85' lang='lat' dir='ltr'><strong>matrum</strong></span> <span class='ocrx_word' id='word_1_161' title='bbox 1013 2596 1096 2668; x_wconf 92' lang='lat' dir='ltr'><strong>illud</strong></span> <span class='ocrx_word' id='word_1_162' title='bbox 1121 2597 1156 2667; x_wconf 92' lang='lat' dir='ltr'><strong>iu</strong></span> <span class='ocrx_word' id='word_1_163' title='bbox 1181 2595 1245 2668; x_wconf 91' lang='lat' dir='ltr'><strong>duo</strong></span> 
     </span>
     <span class='ocr_line' id='line_1_21' title="bbox 133 2694 1318 2794; baseline -0.008 -19"><span class='ocrx_word' id='word_1_164' title='bbox 133 2725 253 2775; x_wconf 85' lang='lat' dir='ltr'><strong>versus</strong></span> <span class='ocrx_word' id='word_1_165' title='bbox 279 2696 505 2769; x_wconf 80' lang='lat' dir='ltr'><strong>dividendum:</strong></span> <span class='ocrx_word' id='word_1_166' title='bbox 541 2697 640 2767; x_wconf 91' lang='lat' dir='ltr'><strong>immo</strong></span> <span class='ocrx_word' id='word_1_167' title='bbox 666 2697 723 2794; x_wconf 90' lang='lat' dir='ltr'><strong>qui</strong></span> <span class='ocrx_word' id='word_1_168' title='bbox 754 2697 944 2792; x_wconf 86' lang='lat' dir='ltr'><strong>perpetuari</strong></span> <span class='ocrx_word' id='word_1_169' title='bbox 970 2694 1108 2768; x_wconf 92' lang='lat' dir='ltr'><strong>debebat</strong></span> <span class='ocrx_word' id='word_1_170' title='bbox 1133 2717 1249 2767; x_wconf 86' lang='lat' dir='ltr'><strong>uumo-</strong></span> <span class='ocrx_word' id='word_1_171' title='bbox 1303 2715 1318 2738; x_wconf 63' lang='lat'><strong>·‘</strong></span> 
     </span>
     <span class='ocr_line' id='line_1_22' title="bbox 134 2794 1249 2896; baseline -0.008 -19"><span class='ocrx_word' id='word_1_172' title='bbox 134 2829 215 2894; x_wconf 89' lang='lat' dir='ltr'><strong>rus,</strong></span> <span class='ocrx_word' id='word_1_173' title='bbox 249 2798 383 2874; x_wconf 85' lang='lat' dir='ltr'><strong>silentio</strong></span> <span class='ocrx_word' id='word_1_174' title='bbox 414 2794 578 2894; x_wconf 77' lang='lat' dir='ltr'><strong>putandus</strong></span> <span class='ocrx_word' id='word_1_175' title='bbox 604 2805 655 2870; x_wconf 91' lang='lat' dir='ltr'><strong>est</strong></span> <span class='ocrx_word' id='word_1_176' title='bbox 679 2797 899 2896; x_wconf 77' lang='lat' dir='ltr'><strong>interpellari,</strong></span> <span class='ocrx_word' id='word_1_177' title='bbox 925 2797 1108 2870; x_wconf 79' lang='lat' dir='ltr'><strong>cuiusmodi</strong></span> <span class='ocrx_word' id='word_1_178' title='bbox 1134 2819 1249 2870; x_wconf 77' lang='lat' dir='ltr'><strong>erem·</strong></span> 
     </span>
     <span class='ocr_line' id='line_1_23' title="bbox 135 2897 1249 3006; baseline -0.006 -29"><span class='ocrx_word' id='word_1_179' title='bbox 135 2908 230 3006; x_wconf 85' lang='lat' dir='ltr'><strong>plum</strong></span> <span class='ocrx_word' id='word_1_180' title='bbox 255 2900 434 2974; x_wconf 82' lang='lat' dir='ltr'><strong>monstrari</strong></span> <span class='ocrx_word' id='word_1_181' title='bbox 458 2899 494 2970; x_wconf 87' lang='lat' dir='ltr'><strong>in</strong></span> <span class='ocrx_word' id='word_1_182' title='bbox 520 2898 741 2973; x_wconf 82' lang='lat' dir='ltr'><strong>adnotatione</strong></span> <span class='ocrx_word' id='word_1_183' title='bbox 756 2899 798 2972; x_wconf 92' lang='lat' dir='ltr'><strong>ad</strong></span> <span class='ocrx_word' id='word_1_184' title='bbox 814 2897 949 2998; x_wconf 87' lang='lat' dir='ltr'><strong>Olymp.</strong></span> <span class='ocrx_word' id='word_1_185' title='bbox 975 2897 1043 2972; x_wconf 83' lang='lat' dir='ltr'><strong>vl.</strong></span> <span class='ocrx_word' id='word_1_186' title='bbox 1068 2903 1106 2974; x_wconf 83' lang='lat'><strong>7.</strong></span> <span class='ocrx_word' id='word_1_187' title='bbox 1145 2897 1249 2972; x_wconf 88' lang='lat' dir='ltr'><strong>Aliud</strong></span> 
     </span>
     <span class='ocr_line' id='line_1_24' title="bbox 138 3000 1041 3102; baseline -0.008 -20"><span class='ocrx_word' id='word_1_188' title='bbox 138 3005 326 3102; x_wconf 85' lang='lat' dir='ltr'><strong>exemplum</strong></span> <span class='ocrx_word' id='word_1_189' title='bbox 346 3001 386 3074; x_wconf 77' lang='lat' dir='ltr'><strong>&#39;iu</strong></span> <span class='ocrx_word' id='word_1_190' title='bbox 411 3000 552 3098; x_wconf 86' lang='lat' dir='ltr'><strong>Pythieo</strong></span> <span class='ocrx_word' id='word_1_191' title='bbox 578 3002 720 3076; x_wconf 82' lang='lat' dir='ltr'><strong>earmina</strong></span> <span class='ocrx_word' id='word_1_192' title='bbox 745 3000 817 3074; x_wconf 88' lang='lat' dir='ltr'><strong>IX.</strong></span> <span class='ocrx_word' id='word_1_193' title='bbox 842 3001 1041 3100; x_wconf 88' lang='lat' dir='ltr'><strong>proferetur.</strong></span> 
     </span>
    </p>

    <p class='ocr_par' dir='ltr' id='par_1_9' title="bbox 140 3103 1259 3488">
     <span class='ocr_line' id='line_1_25' title="bbox 242 3103 1259 3202; baseline -0.003 -24"><span class='ocrx_word' id='word_1_194' title='bbox 242 3105 404 3200; x_wconf 73' lang='lat' dir='ltr'><strong>Quoniam</strong></span> <span class='ocrx_word' id='word_1_195' title='bbox 436 3127 518 3176; x_wconf 91' lang='lat' dir='ltr'><strong>uuus</strong></span> <span class='ocrx_word' id='word_1_196' title='bbox 550 3103 684 3178; x_wconf 91' lang='lat' dir='ltr'><strong>illorum</strong></span> <span class='ocrx_word' id='word_1_197' title='bbox 717 3105 757 3178; x_wconf 87' lang='lat' dir='ltr'><strong>de</strong></span> <span class='ocrx_word' id='word_1_198' title='bbox 790 3105 907 3202; x_wconf 87' lang='lat' dir='ltr'><strong>quibus</strong></span> <span class='ocrx_word' id='word_1_199' title='bbox 940 3104 1062 3178; x_wconf 91' lang='lat' dir='ltr'><strong>dietum</strong></span> <span class='ocrx_word' id='word_1_200' title='bbox 1097 3110 1149 3176; x_wconf 85' lang='lat' dir='ltr'><strong>ast</strong></span> <span class='ocrx_word' id='word_1_201' title='bbox 1174 3126 1259 3176; x_wconf 81' lang='lat' dir='ltr'><strong>ver--</strong></span> 
     </span>
     <span class='ocr_line' id='line_1_26' title="bbox 141 3203 1253 3302; baseline -0.006 -18"><span class='ocrx_word' id='word_1_202' title='bbox 141 3235 236 3284; x_wconf 90' lang='lat' dir='ltr'><strong>suum</strong></span> <span class='ocrx_word' id='word_1_203' title='bbox 270 3207 368 3279; x_wconf 87' lang='lat' dir='ltr'><strong>uerba</strong></span> <span class='ocrx_word' id='word_1_204' title='bbox 400 3205 554 3279; x_wconf 81' lang='lat' dir='ltr'><strong>adiuncta</strong></span> <span class='ocrx_word' id='word_1_205' title='bbox 586 3205 685 3280; x_wconf 88' lang='lat' dir='ltr'><strong>habet</strong></span> <span class='ocrx_word' id='word_1_206' title='bbox 717 3207 854 3280; x_wconf 89' lang='lat' dir='ltr'><strong>multum</strong></span> <span class='ocrx_word' id='word_1_207' title='bbox 887 3231 907 3286; x_wconf 88' lang='lat' dir='ltr'><strong>a</strong></span> <span class='ocrx_word' id='word_1_208' title='bbox 938 3207 1046 3280; x_wconf 90' lang='lat' dir='ltr'><strong>doctis</strong></span> <span class='ocrx_word' id='word_1_209' title='bbox 1074 3203 1253 3302; x_wconf 89' lang='lat' dir='ltr'><strong>disputata,</strong></span> 
     </span>
     <span class='ocr_line' id='line_1_27' title="bbox 140 3307 1254 3484; baseline -0.004 -99"><span class='ocrx_word' id='word_1_210' title='bbox 140 3314 225 3385; x_wconf 90' lang='lat' dir='ltr'><strong>libet</strong></span> <span class='ocrx_word' id='word_1_211' title='bbox 242 3308 299 3381; x_wconf 83' lang='lat' dir='ltr'><strong>‘da</strong></span> <span class='ocrx_word' id='word_1_212' title='bbox 330 3308 400 3484; x_wconf 49' lang='lat' dir='ltr'><strong>illgs</strong></span> <span class='ocrx_word' id='word_1_213' title='bbox 435 3332 563 3406; x_wconf 88' lang='lat' dir='ltr'><strong>quoquo</strong></span> <span class='ocrx_word' id='word_1_214' title='bbox 597 3307 705 3381; x_wconf 86' lang='lat' dir='ltr'><strong>verbis</strong></span> <span class='ocrx_word' id='word_1_215' title='bbox 738 3308 863 3406; x_wconf 85' lang='lat' dir='ltr'><strong>aliquid</strong></span> <span class='ocrx_word' id='word_1_216' title='bbox 895 3308 1051 3385; x_wconf 83' lang='lat' dir='ltr'><strong>adiicere.</strong></span> <span class='ocrx_word' id='word_1_217' title='bbox 1108 3307 1254 3405; x_wconf 80' lang='lat' dir='ltr'><strong>Legitur</strong></span> 
     </span>
     <span class='ocr_line' id='line_1_28' title="bbox 143 3412 732 3488; baseline -0.01 0"><span class='ocrx_word' id='word_1_218' title='bbox 143 3413 289 3488; x_wconf 82' lang='lat' dir='ltr'><strong>enimv.</strong></span> <span class='ocrx_word' id='word_1_219' title='bbox 317 3412 403 3484; x_wconf 85' lang='lat'><strong>10.</strong></span> <span class='ocrx_word' id='word_1_220' title='bbox 731 3419 732 3423; x_wconf 75' lang='grc'>’</span> 
     </span>
    </p>
   </div>
   <div class='ocr_carea' id='block_1_6' title="bbox 149 3539 1253 3743">
    <p class='ocr_par' dir='ltr' id='par_1_10' title="bbox 149 3539 1253 3743">
     <span class='ocr_line' id='line_1_29' title="bbox 149 3539 1253 3646; baseline -0.002 -28"><span class='ocrx_word' id='word_1_221' title='bbox 149 3636 154 3646; x_wconf 30' lang='grc' dir='ltr'><strong><em>Ι</em></strong></span> <span class='ocrx_word' id='word_1_222' title='bbox 498 3541 609 3641; x_wconf 76' lang='grc' dir='ltr'><strong><em>ὄλβος</em></strong></span> <span class='ocrx_word' id='word_1_223' title='bbox 634 3541 703 3618; x_wconf 76' lang='grc' dir='ltr'><strong>οὐκ</strong></span> <span class='ocrx_word' id='word_1_224' title='bbox 717 3545 754 3626; x_wconf 75' lang='grc' dir='ltr'><strong>ἐς</strong></span> <span class='ocrx_word' id='word_1_225' title='bbox 773 3539 918 3639; x_wconf 77' lang='grc' dir='ltr'><strong><em>μακρὸν</em></strong></span> <span class='ocrx_word' id='word_1_226' title='bbox 932 3541 1087 3640; x_wconf 76' lang='grc' dir='ltr'><em>ἀνδρῶν</em></span> <span class='ocrx_word' id='word_1_227' title='bbox 1099 3542 1253 3643; x_wconf 72' lang='grc' dir='ltr'><strong><em>ἔρχεται,</em></strong></span> 
     </span>
     <span class='ocr_line' id='line_1_30' title="bbox 158 3637 996 3743; baseline 0.001 -25"><span class='ocrx_word' id='word_1_228' title='bbox 158 3711 160 3718; x_wconf 95' lang='grc'><strong>.</strong></span> <span class='ocrx_word' id='word_1_229' title='bbox 248 3645 289 3731; x_wconf 79' lang='grc' dir='ltr'><strong>ὃς</strong></span> <span class='ocrx_word' id='word_1_230' title='bbox 312 3640 437 3734; x_wconf 81' lang='grc' dir='ltr'><strong><em>πολύς,</em></strong></span> <span class='ocrx_word' id='word_1_231' title='bbox 463 3637 538 3720; x_wconf 69' lang='grc' dir='ltr'><strong>εἶπ’</strong></span> <span class='ocrx_word' id='word_1_232' title='bbox 568 3642 617 3720; x_wconf 73' lang='grc' dir='ltr'><strong>ἄν</strong></span> <span class='ocrx_word' id='word_1_233' title='bbox 642 3641 834 3743; x_wconf 75' lang='grc' dir='ltr'><strong><em>ἒπιβρίσας</em></strong></span> <span class='ocrx_word' id='word_1_234' title='bbox 859 3645 996 3740; x_wconf 75' lang='grc' dir='ltr'><strong>ἕπηται.</strong></span> 
     </span>
    </p>
   </div>
   <div class='ocr_carea' id='block_1_7' title="bbox 146 3795 1393 4305">
    <p class='ocr_par' dir='ltr' id='par_1_11' title="bbox 146 3795 1393 3999">
     <span class='ocr_line' id='line_1_31' title="bbox 146 3795 1393 3897; baseline -0.006 -23"><span class='ocrx_word' id='word_1_235' title='bbox 146 3799 219 3874; x_wconf 82' lang='lat' dir='ltr'><strong>Vbi</strong></span> <span class='ocrx_word' id='word_1_236' title='bbox 252 3824 350 3897; x_wconf 88' lang='lat' dir='ltr'><strong>quum</strong></span> <span class='ocrx_word' id='word_1_237' title='bbox 381 3798 492 3896; x_wconf 86' lang='lat' dir='ltr'><strong>inepte</strong></span> <span class='ocrx_word' id='word_1_238' title='bbox 525 3796 576 3870; x_wconf 88' lang='lat' dir='ltr'><strong>bis</strong></span> <span class='ocrx_word' id='word_1_239' title='bbox 608 3795 694 3869; x_wconf 90' lang='lat' dir='ltr'><strong>idem</strong></span> <span class='ocrx_word' id='word_1_240' title='bbox 721 3795 869 3888; x_wconf 80' lang='lat' dir='ltr'><strong>dicatur,</strong></span> <span class='ocrx_word' id='word_1_241' title='bbox 885 3859 888 3866; x_wconf 91' lang='grc'><em>,</em></span> <span class='ocrx_word' id='word_1_242' title='bbox 904 3805 1011 3870; x_wconf 85' lang='lat' dir='ltr'><strong>tamen</strong></span> <span class='ocrx_word' id='word_1_243' title='bbox 1029 3820 1143 3893; x_wconf 78' lang='lat' dir='ltr'><strong>,neque</strong></span> <span class='ocrx_word' id='word_1_244' title='bbox 1169 3795 1254 3894; x_wconf 86' lang='lat' dir='ltr'><strong>quod</strong></span> <span class='ocrx_word' id='word_1_245' title='bbox 1391 3885 1393 3894; x_wconf 18' lang='lat' dir='ltr'>y</span> 
     </span>
     <span class='ocr_line' id='line_1_32' title="bbox 147 3891 1251 3999; baseline -0.005 -23"><span class='ocrx_word' id='word_1_246' title='bbox 147 3901 322 3976; x_wconf 87' lang='lat' dir='ltr'><strong>Boeokbio</strong></span> <span class='ocrx_word' id='word_1_247' title='bbox 348 3902 486 3999; x_wconf 85' lang='lat' dir='ltr'><strong>placuit,</strong></span> <span class='ocrx_word' id='word_1_248' title='bbox 512 3896 569 3987; x_wconf 75' lang='lat' dir='ltr'><strong>odi,</strong></span> <span class='ocrx_word' id='word_1_249' title='bbox 592 3894 707 3981; x_wconf 80' lang='grc' dir='ltr'><strong><em>πολὺς</em></strong></span> <span class='ocrx_word' id='word_1_250' title='bbox 731 3891 806 3972; x_wconf 77' lang='grc' dir='ltr'><strong>εὖτ’</strong></span> <span class='ocrx_word' id='word_1_251' title='bbox 837 3895 886 3973; x_wconf 77' lang='grc' dir='ltr'><strong>ἂν</strong></span> <span class='ocrx_word' id='word_1_252' title='bbox 908 3894 1099 3998; x_wconf 66' lang='lat' dir='ltr'><strong>duellatores</strong></span> <span class='ocrx_word' id='word_1_253' title='bbox 1116 3897 1251 3994; x_wconf 74' lang='grc' dir='ltr'><strong><em>ἕπηται,</em></strong></span> 
     </span>
    </p>

    <p class='ocr_par' dir='ltr' id='par_1_12' title="bbox 150 3995 1371 4305">
     <span class='ocr_line' id='line_1_33' title="bbox 150 3995 1371 4100; baseline -0.003 -23"><span class='ocrx_word' id='word_1_254' title='bbox 150 4005 253 4078; x_wconf 81' lang='lat' dir='ltr'><strong>scribi</strong></span> <span class='ocrx_word' id='word_1_255' title='bbox 283 4003 426 4100; x_wconf 83' lang='lat' dir='ltr'><strong>poterit,</strong></span> <span class='ocrx_word' id='word_1_256' title='bbox 464 4002 540 4100; x_wconf 85' lang='lat' dir='ltr'><strong>quia</strong></span> <span class='ocrx_word' id='word_1_257' title='bbox 571 4010 637 4073; x_wconf 90' lang='lat' dir='ltr'><strong>tam</strong></span> <span class='ocrx_word' id='word_1_258' title='bbox 663 4002 773 4098; x_wconf 84' lang='lat' dir='ltr'><strong>gravis</strong></span> <span class='ocrx_word' id='word_1_259' title='bbox 800 4001 998 4079; x_wconf 76' lang='lat' dir='ltr'><strong>asseveratio</strong></span> <span class='ocrx_word' id='word_1_260' title='bbox 1024 4001 1154 4074; x_wconf 83' lang='lat' dir='ltr'><strong>minime</strong></span> <span class='ocrx_word' id='word_1_261' title='bbox 1179 3995 1257 4074; x_wconf 83' lang='lat' dir='ltr'><strong>buia</strong></span> <span class='ocrx_word' id='word_1_262' title='bbox 1370 4089 1371 4092; x_wconf 8' lang='grc' dir='ltr'><strong>Ἴ</strong></span> 
     </span>
     <span class='ocr_line' id='line_1_34' title="bbox 151 4096 1307 4200; baseline -0.008 -22"><span class='ocrx_word' id='word_1_263' title='bbox 151 4107 228 4182; x_wconf 87' lang='lat' dir='ltr'><strong>loco</strong></span> <span class='ocrx_word' id='word_1_264' title='bbox 254 4106 418 4198; x_wconf 84' lang='lat' dir='ltr'><strong>oouveuit,</strong></span> <span class='ocrx_word' id='word_1_265' title='bbox 444 4129 506 4178; x_wconf 88' lang='lat' dir='ltr'><strong>ueo</strong></span> <span class='ocrx_word' id='word_1_266' title='bbox 528 4103 614 4200; x_wconf 93' lang='lat' dir='ltr'><strong>quod</strong></span> <span class='ocrx_word' id='word_1_267' title='bbox 634 4102 810 4176; x_wconf 85' lang='lat' dir='ltr'><strong>Disseoius</strong></span> <span class='ocrx_word' id='word_1_268' title='bbox 833 4103 974 4177; x_wconf 83' lang='lat' dir='ltr'><strong>oooieeit</strong></span> <span class='ocrx_word' id='word_1_269' title='bbox 990 4102 1130 4193; x_wconf 82' lang='lat' dir='ltr'><strong>admitti,</strong></span> <span class='ocrx_word' id='word_1_270' title='bbox 1155 4096 1307 4195; x_wconf 76' lang='grc' dir='ltr'><strong><em>πάμ-Ιθ</em></strong></span> 
     </span>
     <span class='ocr_line' id='line_1_35' title="bbox 152 4202 1256 4305; baseline -0.007 -23"><span class='ocrx_word' id='word_1_271' title='bbox 152 4213 266 4292; x_wconf 70' lang='lat' dir='ltr'><strong>moloc</strong></span> <span class='ocrx_word' id='word_1_272' title='bbox 298 4202 374 4283; x_wconf 76' lang='grc' dir='ltr'><strong>εὖτ’</strong></span> <span class='ocrx_word' id='word_1_273' title='bbox 412 4203 462 4282; x_wconf 72' lang='grc' dir='ltr'><strong>ἂν</strong></span> <span class='ocrx_word' id='word_1_274' title='bbox 494 4203 686 4304; x_wconf 66' lang='lat' dir='ltr'><strong>duellatores</strong></span> <span class='ocrx_word' id='word_1_275' title='bbox 717 4207 864 4304; x_wconf 70' lang='grc' dir='ltr'><strong><em>ἕπηται,</em></strong></span> <span class='ocrx_word' id='word_1_276' title='bbox 900 4206 977 4305; x_wconf 85' lang='lat' dir='ltr'><strong>quia</strong></span> <span class='ocrx_word' id='word_1_277' title='bbox 1006 4231 1074 4280; x_wconf 90' lang='lat' dir='ltr'><strong>uou</strong></span> <span class='ocrx_word' id='word_1_278' title='bbox 1105 4210 1157 4278; x_wconf 87' lang='lat' dir='ltr'><strong>est</strong></span> <span class='ocrx_word' id='word_1_279' title='bbox 1189 4202 1256 4274; x_wconf 69' lang='lat' dir='ltr'><strong>rer*</strong></span> 
     </span>
    </p>
   </div>
   <div class='ocr_carea' id='block_1_8' title="bbox 238 4439 780 4532">
    <p class='ocr_par' dir='ltr' id='par_1_13' title="bbox 238 4439 780 4532">
     <span class='ocr_line' id='line_1_36' title="bbox 238 4439 780 4532; baseline -0.002 -24"><span class='ocrx_word' id='word_1_280' title='bbox 238 4443 270 4529; x_wconf 67' lang='lat' dir='ltr'><strong>l)</strong></span> <span class='ocrx_word' id='word_1_281' title='bbox 298 4445 405 4508; x_wconf 74' lang='lat' dir='ltr'><strong>Rectius</strong></span> <span class='ocrx_word' id='word_1_282' title='bbox 425 4451 550 4508; x_wconf 63' lang='lat' dir='ltr'><strong>sumbone</strong></span> <span class='ocrx_word' id='word_1_283' title='bbox 570 4439 638 4526; x_wconf 70' lang='lat' dir='ltr'><strong>dan.</strong></span> <span class='ocrx_word' id='word_1_284' title='bbox 774 4517 780 4532; x_wconf 37' lang='grc' dir='ltr'><strong><em>Ι</em></strong></span> 
     </span>
    </p>
   </div>
   <div class='ocr_carea' id='block_1_9' title="bbox 0 0 1585 5050">
    <p class='ocr_par' dir='ltr' id='par_1_14' title="bbox 0 0 1585 5050">
     <span class='ocr_line' id='line_1_37' title="bbox 0 0 1585 5050; baseline 0 0"><span class='ocrx_word' id='word_1_285' title='bbox 0 0 1585 5050; x_wconf 95' lang='lat' dir='ltr'><strong> </strong></span> 
     </span>
    </p>
   </div>
  </div>
 </body>
</html>
