3084 5050
184 413 189 424 .
285 347 354 428 'oo
499 361 576 442 ,on
591 349 765 429 ‘comeum
785 329 975 424 moremus
991 359 1208 424 romuleum.

162 617 168 626 ι
208 593 211 596 ,
311 528 382 602 beri
407 551 481 602 csse
507 526 666 620 uidemur,
692 527 852 602 servimus
877 529 931 600 uel
956 527 1117 648 maxime,
1143 535 1178 602 et
1203 526 1232 600 si
1258 549 1342 624 quae
1367 534 1421 601 est

158 643 160 650 ’
310 628 459 721 libertas,
485 630 595 727 posita
620 628 706 702 est
694 655 730 702 ιι
756 654 829 722 eo,
850 637 888 703 ut
911 629 986 732 puis
1012 653 1076 726 quo
1101 632 1268 728 rapiamur
1291 629 1421 702 intelli-

310 740 381 830 gat.
430 730 498 804 Hic
529 723 632 826 igitur
663 731 768 803 seculi
800 732 937 852 genius,
972 753 1109 828 magnae
1137 755 1251 803 rerum
1276 732 1421 805 omnium
1502 747 1507 760 '

310 842 345 906 et
369 833 456 906 head
481 833 612 906 minime
638 833 754 904 ιιιιιιι
782 833 1006 906 conversionis
1032 833 1253 924 accelerator,
1287 831 1323 903 id
1349 834 1421 932 agit

236 960 240 968 ·
309 929 513 1025 enixissime,
540 943 578 1005 ut
602 934 820 1006 aemulatione
843 935 959 1007 animis
984 934 1160 1007 iniicienda
1180 941 1297 1030 urgeat
1310 934 1420 1007 bomi-

309 1061 395 1110 num·
412 1025 534 1109 studiat.l
583 1025 702 1131 Itaque
727 1060 793 1107 ιιι
818 1036 925 1109 solnm
949 1036 1081 1133 publice
1109 1023 1295 1132 exponendi
1321 1037 1420 1133 eopia

310 1138 425 1230 datur,
462 1161 544 1234 quae
578 1137 701 1234 quique
721 1137 775 1210 uel
800 1139 917 1257 perite
932 1138 1173 1211 elaboraverint
1199 1137 1252 1208 vel
1277 1138 1419 1210 solerter
1534 1229 1535 1236 ἵ

307 1239 505 1333 inuenerint,
531 1239 585 1310 vel
611 1238 725 1310 sedulo
751 1238 791 1310 ad
818 1237 971 1311 eximiam
995 1235 1248 1337 pulcritudinem
1270 1248 1326 1310 ιιι
1346 1263 1419 1312 ma-

192 1424 198 1440 ·
307 1341 510 1446 gnitudiuem
533 1333 764 1431 educaverint,
797 1364 908 1412 uerum
934 1341 1033 1412 etiam
1057 1341 1203 1438 praemio
1226 1364 1419 1460 proponun-

307 1450 363 1514 tur
395 1439 631 1539 superantibus
657 1449 825 1532 caeteros,
863 1465 945 1539 quae
982 1441 1023 1515 ad
1057 1442 1246 1515 certandum
1278 1443 1419 1514 invitent

308 1544 461 1641 alantque
487 1551 521 1616 et
546 1552 688 1639 augeant
711 1543 918 1618 industriam.
969 1542 1064 1617 Inter
1088 1544 1236 1616 homines
1250 1544 1417 1617 litteratos

308 1645 474 1742 quidem
463 1667 529 1716 ram
553 1643 674 1714 dudum
694 1645 849 1718 usitatum
873 1653 957 1738 erat,
982 1653 1040 1718 ιι
1039 1647 1218 1744 praemium
1235 1645 1418 1718 constituo-

217 1767 220 1772 ’
307 1755 399 1819 retur
425 1747 475 1837 ei,
510 1745 565 1842 qui
596 1737 772 1818 indicatam
805 1747 960 1842 aliquam
972 1746 1140 1819 difficilem
1165 1755 1222 1818 aut
1247 1747 1418 1820 obscuram

303 1839 448 1921 alicuius
462 1846 631 1929 doetrinae
646 1855 773 1944 partem
788 1849 909 1944 optime
928 1848 1143 1944 explicuisset
1155 1848 1416 1921 illustrassctue=

198 1973 202 1976 ·
307 1945 564 2044 translatumque
587 1947 623 2019 id
649 1972 669 2020 a
694 1949 885 2024 doctoribus
911 1957 963 2020 est
988 1949 1087 2020 etiam
1112 1939 1357 2039 addiscentes,
1375 1943 1418 2021 ιι

307 2050 344 2136 bi
368 2064 495 2160 quoquo
522 2074 562 2122 eo
588 2049 698 2124 aerius
724 2049 842 2121 studiis
867 2039 1051 2154 litterarum
1077 2068 1210 2146 oporam
1234 2048 1417 2150 ιιιιιιιι).
1477 2141 1479 2146 ¹

316 2349 318 2352 -
360 2345 361 2350 κ
390 2337 419 2422 a)
449 2340 534 2400 omisi
552 2275 660 2416 'reliqua
681 2345 714 2398 'ut
734 2339 791 2398 soli,
805 2339 845 2397 illi
866 2343 974 2416 tempori
994 2341 1099 2419 scripta.
1143 2338 1145 2350 ’
1200 2338 1222 2406 .’
