3084 5050
310 409 355 478 84
517 434 521 443 =
616 385 798 472 corrosio
813 407 1128 477 vnrssnrrrrrrorns

312 578 521 655 memoriae
554 602 603 654 ea
631 589 672 653 et
694 580 856 679 rapacis
881 603 931 650 αι
957 577 1124 664 umaro,
1160 585 1201 649 et
1217 585 1423 676 promptae
1526 604 1527 674 p

309 682 545 756 exercitatio
573 691 681 754 esset.
735 679 861 768 Quum
895 691 1024 753 nutem
1057 680 1141 751 σιίιι
1173 678 1422 751 annonario-

267 785 384 874 ffm'r,
403 785 461 855 uie
493 793 614 883 utque
645 783 749 855 ratio
781 782 904 853 σιαιιά
925 803 995 852 Λσοι
1027 775 1211 882 hypobole
1241 780 1427 878 magutrr‘

309 894 408 984 apta
433 895 551 974 esset,
577 881 740 980 suctum
772 905 854 955 ιιισ
878 906 1005 969 ιιιιιισ,
1030 879 1233 956 octoadem
1260 875 1423 954 breuiter
1527 922 1528 982 p

307 987 426 1059 etium
451 987 533 1064 ιολσ,
552 982 738 1080 ὑποβολῆς
757 978 943 1057 uocabulo
956 981 1163 1058 διἰιτιλιιν.
1207 981 1314 1054 Num
1331 1005 1422 1081 quo-
1527 987 1528 1042 l

306 1087 437 1162 ιιιάιιιι
462 1109 550 1160 eam
574 1087 854 1184 intelligamus,
887 1109 968 1186 qua
991 1086 1182 1184 magum
1204 1081 1422 1156 adolescen-
1512 1087 1514 1104 '

312 1179 369 1261 λιιι
402 1189 444 1260 tn
477 1186 568 1262 ludo
600 1185 829 1276 ὑιιιλὺΐιιινὺί,
866 1184 912 1258 td
938 1187 1065 1286 aprum
1092 1181 1285 1286 probibet,
1321 1180 1428 1285 quod

308 1290 398 1390 ι’βισ
424 1291 466 1361 irs
491 1290 603 1362 titulo
622 1289 755 1389 positu
779 1297 847 1361 set.
898 1285 993 1360 Hace
1019 1297 1052 1358 ct
1072 1287 1223 1383 intelligo
1244 1309 1351 1381 nequo
1372 1293 1423 1356 est

309 1389 397 1486 quod
425 1389 576 1488 refragor
584 1441 595 1480 ,
630 1413 728 1485 quom
753 1389 879 1486 lingere
906 1413 943 1460 sc
967 1388 1033 1460 ista
1058 1388 1164 1479 dicat,
1200 1388 1263 1459 etsi
1297 1408 1356 1460 cur
1382 1386 1422 1457 de
1490 1439 1494 1452 .

308 1490 488 1564 recitandis
526 1492 722 1564 carminibus
756 1489 967 1586 cogitandum
1002 1490 1048 1562 sit
1080 1510 1146 1561 non
1179 1489 1287 1562 video.
1354 1484 1422 1562 Illa

308 1615 387 1664 vero
414 1617 481 1666 non
506 1593 681 1688 intelligo,
709 1614 791 1688 quac
817 1592 927 1664 statim
954 1591 1063 1664 addit:
1098 1592 1182 1664 ulia
1199 1591 1330 1663 omueia
1344 1599 1421 1662 etu-

304 1705 513 1784 tueremur,
545 1696 583 1766 ιι·
604 1691 791 1789 ὑποβολῆς
815 1690 892 1768 καὶ
918 1688 1199 1774 ἀνταποδόσιως
1224 1693 1422 1764 certamen

286 1797 586 1899 appellaretur.
638 1795 723 1868 Naro
755 1795 834 1892 quid
868 1795 949 1867 bueo
982 1795 1023 1866 ad
1048 1788 1262 1888 ὑποβολήνῖ
1313 1791 1420 1883 Quae,

305 1909 342 1970 ut
369 1921 432 1993 ego
460 1897 590 1993 quidem
616 1898 771 1987 arbitror,
798 1921 868 1968 oon
889 1895 944 1967 bic
970 1895 1108 1968 dicende
1132 1903 1248 1984 arunt,
1275 1894 1335 1967 sed
1359 1892 1420 1984 ibi,
1530 1891 1531 1908 ¹

303 1998 359 2069 ubi
388 2006 561 2094 quaereret
586 1997 772 2092 quidesset
794 1995 981 2093 ὑποβολῆς
1001 1989 1294 2076 ἀνταποδόσεως.
1344 1993 1423 2068 Hoc

304 2097 386 2172 fecit
412 2105 506 2188 ante,
540 2097 599 2170 scd
624 2098 659 2169 id
686 2121 835 2195 quoque,
868 2099 918 2170 uti
944 2099 1042 2190 solet,
1079 2099 1263 2172 obscurius.
1314 2096 1423 2187 Quom

60 2275 63 2285 ,
173 2267 176 2272 .
303 2223 366 2294 ego
384 2195 576 2295 ἀποβολὴν
592 2195 874 2281 ἀνταποδόσιως
892 2199 956 2272 dici
970 2209 1172 2297 putaveram,
1197 2220 1270 2274 cunr
1285 2197 1423 2270 Boeok·

304 2301 362 2375 bio
380 2293 633 2375 ἀνταπόδοσιν
649 2297 836 2399 ὑποβολῆς
850 2302 970 2374 dictam
988 2310 1112 2374 censet.
1147 2301 1300 2374 Tertiam
1317 2323 1423 2395 quan·
1531 2367 1532 2392 ,

305 2401 380 2474 darn
404 2402 578 2496 rationem,
605 2401 762 2476 sedeam
789 2403 845 2476 vix
870 2404 1086 2499 probabilem,
1114 2403 1240 2475 invenit
1254 2399 1420 2474 strsius
1531 2397 1532 2404 '

302 2503 338 2576 in
356 2503 612 2597 Quaestionibus
639 2505 743 2600 epicis
769 2530 804 2602 p.
824 2508 911 2579 220.
937 2501 1128 2600 ὑποβολὴν
1153 2498 1421 2590 ἀνταπόδοσιν,

302 2607 408 2678 altero
435 2607 564 2678 nominc
588 2606 682 2702 quusi
706 2606 862 2680 adiectivi
877 2608 983 2679 vicem
997 2614 1130 2680 tenente
1149 2605 1311 2702 appellari
1326 2605 1422 2676 exis·
1532 2669 1533 2674 ,

302 2709 434 2782 timens.
493 2705 603 2804 Igitur
629 2703 879 2790 ἀνταπόδοσις
905 2708 1099 2805 quidessct
1119 2708 1421 2798 demonstraturus,

302 2810 409 2906 primo
441 2805 633 2880 Nituscbius
676 2805 970 2884 ἀνταποδιδόναι
1003 2809 1067 2883 duo
1102 2808 1291 2905 significare
1325 2807 1420 2898 dicit,

302 2910 469 2982 αι’σάιὺνι
494 2905 696 3000 celtibera,
722 2909 904 3000 reddere,
925 2934 1075 3010 putrere
1100 2910 1325 3000 aduersum
1361 2908 1423 2982 de·

301 3009 379 3082 inde
405 3009 659 3183 respondero,
696 3009 902 3084 aduersum
928 3023 1079 3102 tenero,
1108 3015 1151 3084 ιἰι
1176 3012 1421 3086 cumrerum

282 3112 414 3185 uerti.
501 3112 533 3182 el
558 3112 641 3186 baec
665 3113 745 3184 mibi
770 3112 900 3208 qnidcm
926 3112 1080 3185 ridentur
1106 3114 1297 3186 obscuriora
1323 3135 1420 3184 csse:

302 3235 378 3284 nam
412 3236 509 3309 quarn
542 3213 615 3310 ipsa
641 3214 732 3285 verbi
759 3214 853 3309 origo
881 3213 1050 3305 ostendat,
1087 3214 1269 3311 significari
1295 3237 1336 3286 eo
1363 3215 1421 3286 ui-

304 3313 434 3388 cissim
458 3312 641 3404 reddero,
678 3326 828 3412 apertum
853 3337 927 3387 esso
952 3323 1048 3413 puto,
1076 3317 1184 3388 omniu
1210 3339 1293 3412 quac
1318 3313 1421 3388 Nitr-

304 3416 416 3490 sobius
441 3417 565 3513 posuit,
594 3416 709 3490 codem
733 3417 856 3508 redire,
886 3422 962 3513 quia
988 3417 1144 3514 quidquid
1169 3417 1289 3512 aliquis
1319 3416 1421 3490 vicis·

305 3517 367 3590 sirn
391 3518 520 3609 reddat,
547 3542 613 3590 non
637 3525 749 3614 potest
771 3519 868 3591 aliter
882 3519 1035 3615 cogitari,
1063 3542 1158 3616 quam
1173 3527 1210 3594 ut
1223 3518 1311 3590 idem
1330 3518 1420 3614 quod

304 3627 476 3717 acceptum
502 3620 546 3691 sit
571 3620 624 3692 vel
649 3642 710 3716 par
734 3618 902 3712 reddatur,
929 3627 967 3692 ut
991 3620 1129 3717 proinde
1156 3613 1419 3706 ἀνταπόδοσις,

189 3789 197 3808 ‚
303 3722 361 3793 nbi
386 3721 492 3793 activo
519 3719 652 3811 dicitur,
678 3721 784 3818 ipsam
805 3722 948 3794 vicissim
975 3721 1133 3794 reddendi
1154 3721 1335 3810 actionem
1361 3721 1420 3794 ubi

252 3851 256 3860 ·
305 3821 450 3920 passivo,
476 3845 548 3896 sam
573 3847 655 3913 rom,
683 3846 764 3918 quae
786 3845 848 3919 par
863 3823 937 3920 pari
953 3823 1114 3914 redditur,
1141 3822 1320 3918 significet.
1357 3820 1420 3894 Ia·

306 3922 473 3994 dicaturus
505 3946 593 3995 nuno
625 3922 836 4015 Nituscbius,
872 3932 980 3995 utrum
1011 3924 1047 3996 in
1080 3923 1169 3997 Teia
1200 3923 1419 4018 inscriptione

252 4029 268 4118 Ἰ
306 4019 493 4118 ὑποβολῆς
517 4018 765 4106 ἀνταπόδοσις
789 4045 829 4094 eu
855 4024 994 4116 dicatur,
1022 4049 1085 4122 qua
1112 4025 1185 4122 quis
1213 4026 1310 4097 rerba
1333 4049 1419 4121 sug·

138 4125 165 4176 ·⁴
195 4133 202 4146 ‘
308 4131 415 4220 gesta,
441 4120 489 4194 uit
512 4121 787 4222 ὑποβληθέντα,
813 4124 1014 4218 reddiderit,
1047 4149 1179 4222 anuos
1204 4127 1309 4223 ipsam
1335 4150 1419 4221 sug·

307 4223 445 4323 gorendi
469 4225 630 4297 actionem
655 4226 858 4324 repetiverit,
885 4226 1006 4299 omissa
1021 4226 1062 4299 de
1082 4222 1328 4302 ἀνταποδόσει
1345 4227 1419 4302 dis·

307 4325 496 4424 putatione‚
531 4326 608 4423 quid
641 4328 685 4399 sit
716 4323 881 4422 ὑποβολὴ
914 4327 1061 4423 quaerite
1101 4335 1170 4400 turn
1195 4351 1348 4402 reuersus
1373 4328 1418 4400 ad

170 4443 176 4467 ⁸
212 4441 215 4448 “
308 4421 578 4518 ἀνταπόδοσιν,
610 4433 739 4529 oreque
760 4451 885 4520 ιιιιιισ,
910 4427 1037 4524 inquit,
1064 4430 1231 4530 unprlirrs
1254 4425 1416 4504 dubitem
