<?xml version="1.0" encoding="UTF-8"?>
<!DOCTYPE html PUBLIC "-//W3C//DTD XHTML 1.0 Transitional//EN"
    "http://www.w3.org/TR/xhtml1/DTD/xhtml1-transitional.dtd">
<html xmlns="http://www.w3.org/1999/xhtml" xml:lang="en" lang="en">
 <head>
  <title>
</title>
<meta http-equiv="Content-Type" content="text/html;charset=utf-8" />
  <meta name='ocr-system' content='tesseract 3.04.00' />
  <meta name='ocr-capabilities' content='ocr_page ocr_carea ocr_par ocr_line ocrx_word'/>
</head>
<body>
  <div class='ocr_page' id='page_1' title='image "./opuscula05hermgoog/opuscula05hermgoog_0405.png"; bbox 0 0 3086 5050; ppageno 0'>
   <div class='ocr_carea' id='block_1_1' title="bbox 289 343 1136 432">
    <p class='ocr_par' dir='ltr' id='par_1_1' title="bbox 289 343 1136 432">
     <span class='ocr_line' id='line_1_1' title="bbox 289 343 1136 432; baseline -0.004 -19"><span class='ocrx_word' id='word_1_1' title='bbox 289 349 363 432; x_wconf 68' lang='lat' dir='ltr'>,too</span> <span class='ocrx_word' id='word_1_2' title='bbox 572 351 622 412; x_wconf 84' lang='lat' dir='ltr'>nn</span> <span class='ocrx_word' id='word_1_3' title='bbox 643 347 889 412; x_wconf 77' lang='lat' dir='ltr'>nnrmnouo</span> <span class='ocrx_word' id='word_1_4' title='bbox 910 343 1136 412; x_wconf 82' lang='lat' dir='ltr'>onrusuou</span> 
     </span>
    </p>
   </div>
   <div class='ocr_carea' id='block_1_2' title="bbox 10 509 1532 4478">
    <p class='ocr_par' dir='ltr' id='par_1_2' title="bbox 10 509 1532 4478">
     <span class='ocr_line' id='line_1_2' title="bbox 192 509 1418 618; baseline -0.004 -23"><span class='ocrx_word' id='word_1_5' title='bbox 192 509 198 523; x_wconf 52' lang='lat'><strong>⁴</strong></span> <span class='ocrx_word' id='word_1_6' title='bbox 300 545 365 618; x_wconf 90' lang='lat' dir='ltr'>qno</span> <span class='ocrx_word' id='word_1_7' title='bbox 395 518 481 617; x_wconf 80' lang='lat' dir='ltr'>dixit</span> <span class='ocrx_word' id='word_1_8' title='bbox 504 515 707 610; x_wconf 70' lang='lat' dir='ltr'><strong>Pausanias,</strong></span> <span class='ocrx_word' id='word_1_9' title='bbox 739 517 820 590; x_wconf 85' lang='lat' dir='ltr'>illae</span> <span class='ocrx_word' id='word_1_10' title='bbox 852 527 936 614; x_wconf 78' lang='lat' dir='ltr'>quus</span> <span class='ocrx_word' id='word_1_11' title='bbox 966 515 1203 613; x_wconf 71' lang='lat' dir='ltr'>iniquism&#39;muu</span> <span class='ocrx_word' id='word_1_12' title='bbox 1232 515 1418 590; x_wconf 79' lang='lat' dir='ltr'>stationem</span> 
     </span>
     <span class='ocr_line' id='line_1_3' title="bbox 300 617 1417 718; baseline -0.005 -22"><span class='ocrx_word' id='word_1_13' title='bbox 300 622 475 713; x_wconf 83' lang='lat' dir='ltr'>lababant,</span> <span class='ocrx_word' id='word_1_14' title='bbox 502 621 566 693; x_wconf 87' lang='lat' dir='ltr'>boc</span> <span class='ocrx_word' id='word_1_15' title='bbox 591 628 655 713; x_wconf 89' lang='lat' dir='ltr'>est,</span> <span class='ocrx_word' id='word_1_16' title='bbox 683 619 824 718; x_wconf 88' lang='lat' dir='ltr'>quinque</span> <span class='ocrx_word' id='word_1_17' title='bbox 849 619 1021 716; x_wconf 84' lang='lat' dir='ltr'>proximae</span> <span class='ocrx_word' id='word_1_18' title='bbox 1037 617 1209 714; x_wconf 90' lang='lat' dir='ltr'>utrobique</span> <span class='ocrx_word' id='word_1_19' title='bbox 1234 641 1256 690; x_wconf 91' lang='lat' dir='ltr'>a</span> <span class='ocrx_word' id='word_1_20' title='bbox 1280 619 1417 714; x_wconf 85' lang='lat' dir='ltr'>porticu</span> 
     </span>
     <span class='ocr_line' id='line_1_4' title="bbox 299 719 1418 821; baseline -0.004 -25"><span class='ocrx_word' id='word_1_21' title='bbox 299 723 467 821; x_wconf 81' lang='lat' dir='ltr'>Agnapti:</span> <span class='ocrx_word' id='word_1_22' title='bbox 500 746 584 818; x_wconf 92' lang='lat' dir='ltr'>quae</span> <span class='ocrx_word' id='word_1_23' title='bbox 609 746 707 819; x_wconf 89' lang='lat' dir='ltr'>quum</span> <span class='ocrx_word' id='word_1_24' title='bbox 732 721 798 813; x_wconf 89' lang='lat' dir='ltr'>ita,</span> <span class='ocrx_word' id='word_1_25' title='bbox 825 730 862 793; x_wconf 91' lang='lat' dir='ltr'>nt</span> <span class='ocrx_word' id='word_1_26' title='bbox 885 721 944 794; x_wconf 90' lang='lat' dir='ltr'>ille</span> <span class='ocrx_word' id='word_1_27' title='bbox 970 719 1073 793; x_wconf 84' lang='lat' dir='ltr'>refert</span> <span class='ocrx_word' id='word_1_28' title='bbox 1095 732 1309 792; x_wconf 75' lang='lat' dir='ltr'><strong>excurrentes</strong></span> <span class='ocrx_word' id='word_1_29' title='bbox 1337 727 1418 810; x_wconf 77' lang='lat' dir='ltr'>ante</span> 
     </span>
     <span class='ocr_line' id='line_1_5' title="bbox 234 821 1532 920; baseline -0.005 -22"><span class='ocrx_word' id='word_1_30' title='bbox 234 845 240 862; x_wconf 58' lang='lat'>⁸</span> <span class='ocrx_word' id='word_1_31' title='bbox 299 834 444 898; x_wconf 89' lang='lat' dir='ltr'>rostmm</span> <span class='ocrx_word' id='word_1_32' title='bbox 468 848 534 896; x_wconf 89' lang='lat' dir='ltr'>uno</span> <span class='ocrx_word' id='word_1_33' title='bbox 556 822 670 896; x_wconf 81' lang='lat' dir='ltr'>ordine</span> <span class='ocrx_word' id='word_1_34' title='bbox 692 831 893 920; x_wconf 77' lang='lat' dir='ltr'>exaequatae</span> <span class='ocrx_word' id='word_1_35' title='bbox 919 822 1125 920; x_wconf 71' lang='lat' dir='ltr'>proruissent</span> <span class='ocrx_word' id='word_1_36' title='bbox 1144 821 1179 902; x_wconf 87' lang='lat' dir='ltr'>in</span> <span class='ocrx_word' id='word_1_37' title='bbox 1200 821 1417 913; x_wconf 87' lang='lat' dir='ltr'>curriculum,</span> <span class='ocrx_word' id='word_1_38' title='bbox 1531 883 1532 912; x_wconf 54' lang='lat'>,</span> 
     </span>
     <span class='ocr_line' id='line_1_6' title="bbox 299 921 1420 1020; baseline -0.005 -21"><span class='ocrx_word' id='word_1_39' title='bbox 299 952 388 1000; x_wconf 83' lang='lat' dir='ltr'>noro</span> <span class='ocrx_word' id='word_1_40' title='bbox 420 925 521 999; x_wconf 88' lang='lat' dir='ltr'>missu</span> <span class='ocrx_word' id='word_1_41' title='bbox 554 925 651 998; x_wconf 87' lang='lat' dir='ltr'>alteri</span> <span class='ocrx_word' id='word_1_42' title='bbox 683 924 795 996; x_wconf 89' lang='lat' dir='ltr'>decem</span> <span class='ocrx_word' id='word_1_43' title='bbox 828 924 983 1020; x_wconf 83' lang='lat' dir='ltr'>aurigae,</span> <span class='ocrx_word' id='word_1_44' title='bbox 1015 923 1148 1012; x_wconf 84' lang='lat' dir='ltr'>initium</span> <span class='ocrx_word' id='word_1_45' title='bbox 1173 923 1333 1020; x_wconf 81' lang='lat' dir='ltr'>utrimque</span> <span class='ocrx_word' id='word_1_46' title='bbox 1359 921 1420 994; x_wconf 90' lang='lat' dir='ltr'>fa·-</span> 
     </span>
     <span class='ocr_line' id='line_1_7' title="bbox 193 1024 1419 1124; baseline -0.003 -23"><span class='ocrx_word' id='word_1_47' title='bbox 193 1081 194 1088; x_wconf 19' lang='grc' dir='ltr'><strong>κ</strong></span> <span class='ocrx_word' id='word_1_48' title='bbox 301 1030 409 1118; x_wconf 85' lang='lat' dir='ltr'>ciente</span> <span class='ocrx_word' id='word_1_49' title='bbox 441 1035 538 1100; x_wconf 86' lang='lat' dir='ltr'>sexto</span> <span class='ocrx_word' id='word_1_50' title='bbox 564 1051 584 1098; x_wconf 93' lang='lat' dir='ltr'>a</span> <span class='ocrx_word' id='word_1_51' title='bbox 607 1027 740 1124; x_wconf 89' lang='lat' dir='ltr'>porticu</span> <span class='ocrx_word' id='word_1_52' title='bbox 770 1025 918 1123; x_wconf 82' lang='lat' dir='ltr'>Agnapti</span> <span class='ocrx_word' id='word_1_53' title='bbox 950 1049 1067 1117; x_wconf 90' lang='lat' dir='ltr'>curru,</span> <span class='ocrx_word' id='word_1_54' title='bbox 1103 1024 1342 1120; x_wconf 81' lang='lat' dir='ltr'>sequebantur,</span> <span class='ocrx_word' id='word_1_55' title='bbox 1380 1033 1419 1097; x_wconf 90' lang='lat' dir='ltr'>ot</span> 
     </span>
     <span class='ocr_line' id='line_1_8' title="bbox 143 1123 1418 1228; baseline -0.005 -23"><span class='ocrx_word' id='word_1_56' title='bbox 143 1137 171 1210; x_wconf 67' lang='grc'>’,</span> <span class='ocrx_word' id='word_1_57' title='bbox 302 1130 352 1204; x_wconf 88' lang='lat' dir='ltr'>sic</span> <span class='ocrx_word' id='word_1_58' title='bbox 383 1123 483 1228; x_wconf 89' lang='lat' dir='ltr'>porro</span> <span class='ocrx_word' id='word_1_59' title='bbox 520 1136 680 1226; x_wconf 86' lang='lat' dir='ltr'>quotquot</span> <span class='ocrx_word' id='word_1_60' title='bbox 716 1127 757 1199; x_wconf 92' lang='lat' dir='ltr'>ad</span> <span class='ocrx_word' id='word_1_61' title='bbox 793 1125 982 1201; x_wconf 71' lang='lat' dir='ltr'>cenandum</span> <span class='ocrx_word' id='word_1_62' title='bbox 1015 1126 1195 1198; x_wconf 87' lang='lat' dir='ltr'>venissent.</span> <span class='ocrx_word' id='word_1_63' title='bbox 1251 1128 1418 1223; x_wconf 81' lang='lat' dir='ltr'>Apertum</span> 
     </span>
     <span class='ocr_line' id='line_1_9' title="bbox 302 1229 1417 1323; baseline -0.004 -19"><span class='ocrx_word' id='word_1_64' title='bbox 302 1240 373 1323; x_wconf 89' lang='lat' dir='ltr'>est,</span> <span class='ocrx_word' id='word_1_65' title='bbox 408 1230 437 1303; x_wconf 91' lang='lat' dir='ltr'>si</span> <span class='ocrx_word' id='word_1_66' title='bbox 463 1231 604 1304; x_wconf 87' lang='lat' dir='ltr'>sicnon</span> <span class='ocrx_word' id='word_1_67' title='bbox 637 1254 700 1302; x_wconf 91' lang='lat' dir='ltr'>nno</span> <span class='ocrx_word' id='word_1_68' title='bbox 726 1229 831 1305; x_wconf 89' lang='lat' dir='ltr'>missu</span> <span class='ocrx_word' id='word_1_69' title='bbox 854 1252 1030 1301; x_wconf 87' lang='lat' dir='ltr'>excursum</span> <span class='ocrx_word' id='word_1_70' title='bbox 1055 1235 1126 1319; x_wconf 88' lang='lat' dir='ltr'>est,</span> <span class='ocrx_word' id='word_1_71' title='bbox 1159 1235 1251 1300; x_wconf 90' lang='lat' dir='ltr'>recte</span> <span class='ocrx_word' id='word_1_72' title='bbox 1277 1236 1311 1300; x_wconf 94' lang='lat' dir='ltr'>et</span> <span class='ocrx_word' id='word_1_73' title='bbox 1338 1251 1417 1300; x_wconf 82' lang='lat' dir='ltr'>sere</span> 
     </span>
     <span class='ocr_line' id='line_1_10' title="bbox 302 1329 1415 1428; baseline -0.003 -23"><span class='ocrx_word' id='word_1_74' title='bbox 302 1332 428 1405; x_wconf 89' lang='lat' dir='ltr'>dixisse</span> <span class='ocrx_word' id='word_1_75' title='bbox 461 1332 656 1404; x_wconf 85' lang='lat' dir='ltr'>Pausaniam</span> <span class='ocrx_word' id='word_1_76' title='bbox 690 1339 847 1428; x_wconf 90' lang='lat' dir='ltr'>aequatos</span> <span class='ocrx_word' id='word_1_77' title='bbox 863 1331 866 1356; x_wconf 83' lang='lat'><em>&#39;</em></span> <span class='ocrx_word' id='word_1_78' title='bbox 882 1339 958 1404; x_wconf 91' lang='lat' dir='ltr'>ante</span> <span class='ocrx_word' id='word_1_79' title='bbox 990 1339 1134 1402; x_wconf 89' lang='lat' dir='ltr'>rostrum</span> <span class='ocrx_word' id='word_1_80' title='bbox 1165 1329 1231 1400; x_wconf 87' lang='lat' dir='ltr'>iam</span> <span class='ocrx_word' id='word_1_81' title='bbox 1266 1329 1308 1401; x_wconf 92' lang='lat' dir='ltr'>de</span> <span class='ocrx_word' id='word_1_82' title='bbox 1342 1339 1415 1402; x_wconf 88' lang='lat' dir='ltr'>arte</span> 
     </span>
     <span class='ocr_line' id='line_1_11' title="bbox 188 1431 1414 1531; baseline -0.003 -23"><span class='ocrx_word' id='word_1_83' title='bbox 188 1435 193 1454; x_wconf 90' lang='lat'><em>&#39;</em></span> <span class='ocrx_word' id='word_1_84' title='bbox 301 1433 475 1531; x_wconf 84' lang='lat' dir='ltr'>aurigandi</span> <span class='ocrx_word' id='word_1_85' title='bbox 513 1441 547 1506; x_wconf 89' lang='lat' dir='ltr'>et</span> <span class='ocrx_word' id='word_1_86' title='bbox 578 1433 774 1531; x_wconf 81' lang='lat' dir='ltr'>pernicitate</span> <span class='ocrx_word' id='word_1_87' title='bbox 807 1456 963 1529; x_wconf 88' lang='lat' dir='ltr'>equorum</span> <span class='ocrx_word' id='word_1_88' title='bbox 995 1432 1082 1504; x_wconf 80' lang='lat' dir='ltr'>inter</span> <span class='ocrx_word' id='word_1_89' title='bbox 1113 1454 1150 1503; x_wconf 92' lang='lat' dir='ltr'>so</span> <span class='ocrx_word' id='word_1_90' title='bbox 1184 1431 1414 1504; x_wconf 79' lang='lat' dir='ltr'>contendisse:</span> 
     </span>
     <span class='ocr_line' id='line_1_12' title="bbox 301 1533 1416 1628; baseline -0.004 -20"><span class='ocrx_word' id='word_1_91' title='bbox 301 1560 401 1608; x_wconf 90' lang='lat' dir='ltr'>unum</span> <span class='ocrx_word' id='word_1_92' title='bbox 434 1536 520 1608; x_wconf 92' lang='lat' dir='ltr'>enim</span> <span class='ocrx_word' id='word_1_93' title='bbox 551 1537 610 1608; x_wconf 91' lang='lat' dir='ltr'>ille</span> <span class='ocrx_word' id='word_1_94' title='bbox 643 1535 775 1608; x_wconf 90' lang='lat' dir='ltr'>missum</span> <span class='ocrx_word' id='word_1_95' title='bbox 809 1533 1032 1622; x_wconf 83' lang='lat' dir='ltr'>describebat3</span> <span class='ocrx_word' id='word_1_96' title='bbox 1065 1533 1145 1606; x_wconf 88' lang='lat' dir='ltr'>item</span> <span class='ocrx_word' id='word_1_97' title='bbox 1171 1533 1319 1628; x_wconf 82' lang='lat' dir='ltr'>quamuis</span> <span class='ocrx_word' id='word_1_98' title='bbox 1344 1556 1416 1604; x_wconf 56' lang='lat' dir='ltr'>mas·</span> 
     </span>
     <span class='ocr_line' id='line_1_13' title="bbox 240 1636 1417 1736; baseline -0.003 -25"><span class='ocrx_word' id='word_1_99' title='bbox 240 1654 243 1670; x_wconf 82' lang='lat'>¹</span> <span class='ocrx_word' id='word_1_100' title='bbox 302 1661 387 1736; x_wconf 84' lang='lat' dir='ltr'>gnus</span> <span class='ocrx_word' id='word_1_101' title='bbox 413 1647 572 1710; x_wconf 89' lang='lat' dir='ltr'>certatum</span> <span class='ocrx_word' id='word_1_102' title='bbox 598 1638 742 1709; x_wconf 82' lang='lat' dir='ltr'>venisset</span> <span class='ocrx_word' id='word_1_103' title='bbox 767 1636 997 1732; x_wconf 87' lang='lat' dir='ltr'>quadrigarum</span> <span class='ocrx_word' id='word_1_104' title='bbox 1023 1659 1189 1724; x_wconf 88' lang='lat' dir='ltr'>numerus,</span> <span class='ocrx_word' id='word_1_105' title='bbox 1215 1641 1322 1706; x_wconf 84' lang='lat' dir='ltr'>tamen</span> <span class='ocrx_word' id='word_1_106' title='bbox 1349 1657 1417 1708; x_wconf 79' lang='lat' dir='ltr'>non</span> 
     </span>
     <span class='ocr_line' id='line_1_14' title="bbox 175 1735 1417 1836; baseline -0.004 -23"><span class='ocrx_word' id='word_1_107' title='bbox 175 1813 177 1820; x_wconf 85' lang='grc'>,</span> <span class='ocrx_word' id='word_1_108' title='bbox 302 1739 446 1814; x_wconf 79' lang='lat' dir='ltr'>defuisse</span> <span class='ocrx_word' id='word_1_109' title='bbox 472 1741 597 1836; x_wconf 92' lang='lat' dir='ltr'>inquo</span> <span class='ocrx_word' id='word_1_110' title='bbox 623 1746 794 1810; x_wconf 89' lang='lat' dir='ltr'>currerent</span> <span class='ocrx_word' id='word_1_111' title='bbox 814 1738 974 1835; x_wconf 80' lang='lat' dir='ltr'>spatium3</span> <span class='ocrx_word' id='word_1_112' title='bbox 1001 1736 1140 1832; x_wconf 89' lang='lat' dir='ltr'>denique</span> <span class='ocrx_word' id='word_1_113' title='bbox 1158 1735 1276 1832; x_wconf 88' lang='lat' dir='ltr'>quibus</span> <span class='ocrx_word' id='word_1_114' title='bbox 1296 1735 1417 1820; x_wconf 79' lang='lat' dir='ltr'>adrer-</span> 
     </span>
     <span class='ocr_line' id='line_1_15' title="bbox 302 1838 1416 1936; baseline -0.004 -21"><span class='ocrx_word' id='word_1_115' title='bbox 302 1841 433 1915; x_wconf 87' lang='lat' dir='ltr'>sissima</span> <span class='ocrx_word' id='word_1_116' title='bbox 457 1867 532 1914; x_wconf 90' lang='lat' dir='ltr'>sors</span> <span class='ocrx_word' id='word_1_117' title='bbox 558 1839 718 1915; x_wconf 87' lang='lat' dir='ltr'>cecidisse</span> <span class='ocrx_word' id='word_1_118' title='bbox 745 1841 814 1912; x_wconf 83' lang='lat' dir='ltr'>visa</span> <span class='ocrx_word' id='word_1_119' title='bbox 838 1846 939 1931; x_wconf 87' lang='lat' dir='ltr'>esset,</span> <span class='ocrx_word' id='word_1_120' title='bbox 966 1839 1106 1936; x_wconf 90' lang='lat' dir='ltr'>optimas</span> <span class='ocrx_word' id='word_1_121' title='bbox 1131 1838 1292 1910; x_wconf 88' lang='lat' dir='ltr'>stationes</span> <span class='ocrx_word' id='word_1_122' title='bbox 1318 1861 1416 1910; x_wconf 64' lang='lat' dir='ltr'>acce</span> 
     </span>
     <span class='ocr_line' id='line_1_16' title="bbox 301 1939 1417 2040; baseline -0.003 -26"><span class='ocrx_word' id='word_1_123' title='bbox 301 1943 413 2040; x_wconf 85' lang='lat' dir='ltr'>pisse3</span> <span class='ocrx_word' id='word_1_124' title='bbox 454 1943 571 2038; x_wconf 91' lang='lat' dir='ltr'>quibus</span> <span class='ocrx_word' id='word_1_125' title='bbox 604 1951 712 2014; x_wconf 90' lang='lat' dir='ltr'>antem</span> <span class='ocrx_word' id='word_1_126' title='bbox 743 1941 885 2014; x_wconf 90' lang='lat' dir='ltr'>maxime</span> <span class='ocrx_word' id='word_1_127' title='bbox 917 1965 991 2013; x_wconf 87' lang='lat' dir='ltr'>sors</span> <span class='ocrx_word' id='word_1_128' title='bbox 1016 1940 1171 2032; x_wconf 86' lang='lat' dir='ltr'>favisset,</span> <span class='ocrx_word' id='word_1_129' title='bbox 1210 1939 1417 2036; x_wconf 85' lang='lat' dir='ltr'>iniquissima</span> 
     </span>
     <span class='ocr_line' id='line_1_17' title="bbox 164 2041 1416 2137; baseline -0.003 -22"><span class='ocrx_word' id='word_1_130' title='bbox 164 2043 168 2048; x_wconf 80' lang='grc'><strong>’</strong></span> <span class='ocrx_word' id='word_1_131' title='bbox 301 2067 382 2116; x_wconf 90' lang='lat' dir='ltr'>usos</span> <span class='ocrx_word' id='word_1_132' title='bbox 408 2067 482 2116; x_wconf 90' lang='lat' dir='ltr'>esse</span> <span class='ocrx_word' id='word_1_133' title='bbox 508 2043 707 2133; x_wconf 90' lang='lat' dir='ltr'>conditione,</span> <span class='ocrx_word' id='word_1_134' title='bbox 734 2066 829 2137; x_wconf 88' lang='lat' dir='ltr'>quam</span> <span class='ocrx_word' id='word_1_135' title='bbox 855 2067 914 2114; x_wconf 89' lang='lat' dir='ltr'>eos</span> <span class='ocrx_word' id='word_1_136' title='bbox 939 2042 1047 2137; x_wconf 85' lang='lat' dir='ltr'>perita</span> <span class='ocrx_word' id='word_1_137' title='bbox 1068 2041 1292 2114; x_wconf 81' lang='lat' dir='ltr'>moderatione</span> <span class='ocrx_word' id='word_1_138' title='bbox 1312 2049 1416 2136; x_wconf 83' lang='lat' dir='ltr'>equo-</span> 
     </span>
     <span class='ocr_line' id='line_1_18' title="bbox 303 2141 1415 2240; baseline 0 -24"><span class='ocrx_word' id='word_1_139' title='bbox 303 2168 376 2216; x_wconf 89' lang='lat' dir='ltr'>rum</span> <span class='ocrx_word' id='word_1_140' title='bbox 408 2166 570 2239; x_wconf 87' lang='lat' dir='ltr'>cursuque</span> <span class='ocrx_word' id='word_1_141' title='bbox 602 2143 796 2239; x_wconf 83' lang='lat' dir='ltr'>tempestise</span> <span class='ocrx_word' id='word_1_142' title='bbox 831 2141 886 2214; x_wconf 82' lang='lat' dir='ltr'>rel</span> <span class='ocrx_word' id='word_1_143' title='bbox 918 2144 1129 2240; x_wconf 86' lang='lat' dir='ltr'>temperando</span> <span class='ocrx_word' id='word_1_144' title='bbox 1163 2143 1216 2214; x_wconf 84' lang='lat' dir='ltr'>rel</span> <span class='ocrx_word' id='word_1_145' title='bbox 1247 2141 1415 2216; x_wconf 68' lang='lat' dir='ltr'>incitumo</span> 
     </span>
     <span class='ocr_line' id='line_1_19' title="bbox 302 2245 706 2342; baseline -0.005 -24"><span class='ocrx_word' id='word_1_146' title='bbox 302 2245 455 2320; x_wconf 85' lang='lat' dir='ltr'>debuisse</span> <span class='ocrx_word' id='word_1_147' title='bbox 480 2267 706 2342; x_wconf 85' lang='lat' dir='ltr'>cpmpensars.</span> 
     </span>
     <span class='ocr_line' id='line_1_20' title="bbox 404 2344 1418 2443; baseline -0.002 -23"><span class='ocrx_word' id='word_1_148' title='bbox 404 2347 582 2443; x_wconf 88' lang='lat' dir='ltr'>Reliquum</span> <span class='ocrx_word' id='word_1_149' title='bbox 608 2355 659 2420; x_wconf 90' lang='lat' dir='ltr'>est</span> <span class='ocrx_word' id='word_1_150' title='bbox 684 2353 721 2418; x_wconf 93' lang='lat' dir='ltr'>nt</span> <span class='ocrx_word' id='word_1_151' title='bbox 746 2346 830 2418; x_wconf 88' lang='lat' dir='ltr'>alios</span> <span class='ocrx_word' id='word_1_152' title='bbox 856 2345 1013 2442; x_wconf 89' lang='lat' dir='ltr'>quosdam</span> <span class='ocrx_word' id='word_1_153' title='bbox 1038 2371 1169 2420; x_wconf 90' lang='lat' dir='ltr'>errores</span> <span class='ocrx_word' id='word_1_154' title='bbox 1185 2344 1418 2418; x_wconf 81' lang='lat' dir='ltr'>iu-liucamen-</span> 
     </span>
     <span class='ocr_line' id='line_1_21' title="bbox 211 2447 1416 2546; baseline 0.003 -30"><span class='ocrx_word' id='word_1_155' title='bbox 211 2509 214 2516; x_wconf 83' lang='grc'><em>,</em></span> <span class='ocrx_word' id='word_1_156' title='bbox 303 2449 348 2524; x_wconf 88' lang='lat' dir='ltr'>tis</span> <span class='ocrx_word' id='word_1_157' title='bbox 381 2449 590 2546; x_wconf 73' lang='lat' dir='ltr'>hippodromi</span> <span class='ocrx_word' id='word_1_158' title='bbox 625 2471 646 2519; x_wconf 88' lang='lat' dir='ltr'>a</span> <span class='ocrx_word' id='word_1_159' title='bbox 678 2447 869 2544; x_wconf 87' lang='lat' dir='ltr'>quibusdam</span> <span class='ocrx_word' id='word_1_160' title='bbox 903 2448 1062 2520; x_wconf 89' lang='lat' dir='ltr'>admissos</span> <span class='ocrx_word' id='word_1_161' title='bbox 1094 2450 1209 2544; x_wconf 86' lang='lat' dir='ltr'>paucis</span> <span class='ocrx_word' id='word_1_162' title='bbox 1243 2448 1416 2541; x_wconf 79' lang='lat' dir='ltr'>attingam.</span> 
     </span>
     <span class='ocr_line' id='line_1_22' title="bbox 302 2543 1417 2648; baseline -0.002 -24"><span class='ocrx_word' id='word_1_163' title='bbox 302 2551 414 2648; x_wconf 81' lang='lat' dir='ltr'>Atque</span> <span class='ocrx_word' id='word_1_164' title='bbox 440 2549 585 2642; x_wconf 83' lang='lat' dir='ltr'>Hirtius,</span> <span class='ocrx_word' id='word_1_165' title='bbox 612 2575 709 2646; x_wconf 90' lang='lat' dir='ltr'>quum</span> <span class='ocrx_word' id='word_1_166' title='bbox 736 2547 902 2634; x_wconf 74' lang='grc' dir='ltr'>διέξοδον</span> <span class='ocrx_word' id='word_1_167' title='bbox 928 2550 1097 2646; x_wconf 85' lang='lat' dir='ltr'>quamdam</span> <span class='ocrx_word' id='word_1_168' title='bbox 1121 2547 1187 2624; x_wconf 78' lang='lat' dir='ltr'>doci</span> <span class='ocrx_word' id='word_1_169' title='bbox 1203 2555 1271 2622; x_wconf 85' lang='grc' dir='ltr'>τοῦ</span> <span class='ocrx_word' id='word_1_170' title='bbox 1284 2543 1417 2643; x_wconf 64' lang='lat' dir='ltr'>guissa-</span> 
     </span>
     <span class='ocr_line' id='line_1_23' title="bbox 302 2649 1418 2748; baseline -0.003 -21"><span class='ocrx_word' id='word_1_171' title='bbox 302 2681 365 2736; x_wconf 77' lang='grc' dir='ltr'>τος</span> <span class='ocrx_word' id='word_1_172' title='bbox 390 2677 409 2726; x_wconf 95' lang='lat' dir='ltr'>a</span> <span class='ocrx_word' id='word_1_173' title='bbox 434 2651 600 2724; x_wconf 86' lang='lat' dir='ltr'>Pausania</span> <span class='ocrx_word' id='word_1_174' title='bbox 625 2660 835 2741; x_wconf 82' lang='lat' dir='ltr'>memoratam</span> <span class='ocrx_word' id='word_1_175' title='bbox 859 2651 1005 2742; x_wconf 82' lang='lat' dir='ltr'>rideret,</span> <span class='ocrx_word' id='word_1_176' title='bbox 1039 2651 1201 2748; x_wconf 88' lang='lat' dir='ltr'>ad-qnam</span> <span class='ocrx_word' id='word_1_177' title='bbox 1226 2660 1318 2722; x_wconf 89' lang='lat' dir='ltr'>esset</span> <span class='ocrx_word' id='word_1_178' title='bbox 1342 2649 1418 2724; x_wconf 83' lang='lat' dir='ltr'>Ta·</span> 
     </span>
     <span class='ocr_line' id='line_1_24' title="bbox 302 2753 1434 2858; baseline -0.003 -29"><span class='ocrx_word' id='word_1_179' title='bbox 302 2755 476 2858; x_wconf 84' lang='lat' dir='ltr'>raxippus,</span> <span class='ocrx_word' id='word_1_180' title='bbox 502 2755 568 2826; x_wconf 90' lang='lat' dir='ltr'>iter</span> <span class='ocrx_word' id='word_1_181' title='bbox 591 2754 688 2846; x_wconf 90' lang='lat' dir='ltr'>illud,</span> <span class='ocrx_word' id='word_1_182' title='bbox 715 2753 814 2826; x_wconf 90' lang='lat' dir='ltr'>credo</span> <span class='ocrx_word' id='word_1_183' title='bbox 841 2753 928 2850; x_wconf 91' lang='lat' dir='ltr'>quod</span> <span class='ocrx_word' id='word_1_184' title='bbox 954 2754 985 2824; x_wconf 92' lang='lat' dir='ltr'>ei</span> <span class='ocrx_word' id='word_1_185' title='bbox 1003 2754 1150 2851; x_wconf 81' lang='lat' dir='ltr'>aequalis</span> <span class='ocrx_word' id='word_1_186' title='bbox 1176 2753 1320 2850; x_wconf 88' lang='lat' dir='ltr'>partium</span> <span class='ocrx_word' id='word_1_187' title='bbox 1337 2776 1434 2849; x_wconf 80' lang='lat' dir='ltr'>pro·-</span> 
     </span>
     <span class='ocr_line' id='line_1_25' title="bbox 302 2854 1418 2954; baseline -0.002 -26"><span class='ocrx_word' id='word_1_188' title='bbox 302 2857 413 2954; x_wconf 91' lang='lat' dir='ltr'>portio</span> <span class='ocrx_word' id='word_1_189' title='bbox 439 2857 606 2952; x_wconf 82' lang='lat' dir='ltr'>placeret,</span> <span class='ocrx_word' id='word_1_190' title='bbox 640 2856 676 2926; x_wconf 94' lang='lat' dir='ltr'>in</span> <span class='ocrx_word' id='word_1_191' title='bbox 698 2856 841 2927; x_wconf 82' lang='lat' dir='ltr'>extremi</span> <span class='ocrx_word' id='word_1_192' title='bbox 871 2854 1081 2951; x_wconf 86' lang='lat' dir='ltr'>hippodromi</span> <span class='ocrx_word' id='word_1_193' title='bbox 1111 2855 1218 2928; x_wconf 90' lang='lat' dir='ltr'>medio</span> <span class='ocrx_word' id='word_1_194' title='bbox 1242 2854 1418 2926; x_wconf 82' lang='lat' dir='ltr'>aduersum</span> 
     </span>
     <span class='ocr_line' id='line_1_26' title="bbox 304 2955 1532 3055; baseline -0.003 -25"><span class='ocrx_word' id='word_1_195' title='bbox 304 2967 411 3031; x_wconf 88' lang='lat' dir='ltr'>metae</span> <span class='ocrx_word' id='word_1_196' title='bbox 436 2957 528 3048; x_wconf 90' lang='lat' dir='ltr'>fecit,</span> <span class='ocrx_word' id='word_1_197' title='bbox 555 2956 753 3055; x_wconf 82' lang='lat' dir='ltr'>Taraxipp&#39;o</span> <span class='ocrx_word' id='word_1_198' title='bbox 779 2957 814 3028; x_wconf 91' lang='lat' dir='ltr'>in</span> <span class='ocrx_word' id='word_1_199' title='bbox 839 2958 1008 3030; x_wconf 89' lang='lat' dir='ltr'>sinistrum</span> <span class='ocrx_word' id='word_1_200' title='bbox 1032 2959 1120 3028; x_wconf 87' lang='lat' dir='ltr'>latus</span> <span class='ocrx_word' id='word_1_201' title='bbox 1145 2958 1306 3029; x_wconf 90' lang='lat' dir='ltr'>translato</span> <span class='ocrx_word' id='word_1_202' title='bbox 1313 3007 1325 3046; x_wconf 89' lang='lat'>,</span> <span class='ocrx_word' id='word_1_203' title='bbox 1360 2955 1418 3028; x_wconf 93' lang='lat' dir='ltr'>nbi</span> <span class='ocrx_word' id='word_1_204' title='bbox 1531 3007 1532 3010; x_wconf 63' lang='lat'>,</span> 
     </span>
     <span class='ocr_line' id='line_1_27' title="bbox 304 3055 1416 3155; baseline -0.003 -25"><span class='ocrx_word' id='word_1_205' title='bbox 304 3055 370 3131; x_wconf 89' lang='lat' dir='ltr'>iam</span> <span class='ocrx_word' id='word_1_206' title='bbox 402 3083 487 3155; x_wconf 86' lang='lat' dir='ltr'>pene</span> <span class='ocrx_word' id='word_1_207' title='bbox 519 3059 697 3132; x_wconf 83' lang='lat' dir='ltr'>ambissent</span> <span class='ocrx_word' id='word_1_208' title='bbox 729 3058 805 3153; x_wconf 91' lang='lat' dir='ltr'>equi</span> <span class='ocrx_word' id='word_1_209' title='bbox 834 3067 970 3138; x_wconf 86' lang='lat' dir='ltr'>metam.</span> <span class='ocrx_word' id='word_1_210' title='bbox 1029 3057 1416 3130; x_wconf 68' lang='lat' dir='ltr'>utinamutinam</span> 
     </span>
     <span class='ocr_line' id='line_1_28' title="bbox 305 3158 1416 3257; baseline 0 -25"><span class='ocrx_word' id='word_1_211' title='bbox 305 3167 340 3232; x_wconf 91' lang='lat' dir='ltr'>et</span> <span class='ocrx_word' id='word_1_212' title='bbox 364 3159 430 3231; x_wconf 92' lang='lat' dir='ltr'>iter</span> <span class='ocrx_word' id='word_1_213' title='bbox 453 3160 538 3230; x_wconf 91' lang='lat' dir='ltr'>illud</span> <span class='ocrx_word' id='word_1_214' title='bbox 563 3168 597 3231; x_wconf 91' lang='lat' dir='ltr'>et</span> <span class='ocrx_word' id='word_1_215' title='bbox 622 3158 854 3257; x_wconf 86' lang='lat' dir='ltr'>Taraxippum</span> <span class='ocrx_word' id='word_1_216' title='bbox 878 3159 981 3242; x_wconf 87' lang='lat' dir='ltr'>fuisse</span> <span class='ocrx_word' id='word_1_217' title='bbox 1006 3183 1074 3232; x_wconf 91' lang='lat' dir='ltr'>non</span> <span class='ocrx_word' id='word_1_218' title='bbox 1099 3161 1206 3232; x_wconf 86' lang='lat' dir='ltr'>solnm</span> <span class='ocrx_word' id='word_1_219' title='bbox 1231 3158 1416 3232; x_wconf 81' lang='lat' dir='ltr'>Pausanias</span> 
     </span>
     <span class='ocr_line' id='line_1_29' title="bbox 304 3259 1418 3359; baseline -0.002 -25"><span class='ocrx_word' id='word_1_220' title='bbox 304 3268 467 3352; x_wconf 89' lang='lat' dir='ltr'>testatur,</span> <span class='ocrx_word' id='word_1_221' title='bbox 503 3260 562 3332; x_wconf 89' lang='lat' dir='ltr'>sed</span> <span class='ocrx_word' id='word_1_222' title='bbox 587 3285 642 3332; x_wconf 89' lang='lat' dir='ltr'>res</span> <span class='ocrx_word' id='word_1_223' title='bbox 674 3263 750 3359; x_wconf 90' lang='lat' dir='ltr'>ipsa</span> <span class='ocrx_word' id='word_1_224' title='bbox 780 3260 995 3333; x_wconf 89' lang='lat' dir='ltr'>demonstrat.</span> <span class='ocrx_word' id='word_1_225' title='bbox 1054 3259 1121 3336; x_wconf 90' lang='lat' dir='ltr'>Illa</span> <span class='ocrx_word' id='word_1_226' title='bbox 1147 3263 1232 3334; x_wconf 90' lang='lat' dir='ltr'>enim</span> <span class='ocrx_word' id='word_1_227' title='bbox 1256 3283 1418 3356; x_wconf 89' lang='lat' dir='ltr'>equorum</span> 
     </span>
     <span class='ocr_line' id='line_1_30' title="bbox 304 3361 1417 3460; baseline -0.003 -23"><span class='ocrx_word' id='word_1_228' title='bbox 304 3362 522 3460; x_wconf 90' lang='lat' dir='ltr'>perturbatio,</span> <span class='ocrx_word' id='word_1_229' title='bbox 550 3387 644 3458; x_wconf 90' lang='lat' dir='ltr'>quam</span> <span class='ocrx_word' id='word_1_230' title='bbox 672 3372 706 3436; x_wconf 92' lang='lat' dir='ltr'>et</span> <span class='ocrx_word' id='word_1_231' title='bbox 730 3361 905 3460; x_wconf 85' lang='lat' dir='ltr'>Olympiae</span> <span class='ocrx_word' id='word_1_232' title='bbox 932 3371 966 3435; x_wconf 90' lang='lat' dir='ltr'>et</span> <span class='ocrx_word' id='word_1_233' title='bbox 990 3361 1142 3458; x_wconf 84' lang='lat' dir='ltr'>Pythone</span> <span class='ocrx_word' id='word_1_234' title='bbox 1167 3371 1202 3436; x_wconf 93' lang='lat' dir='ltr'>et</span> <span class='ocrx_word' id='word_1_235' title='bbox 1227 3364 1262 3434; x_wconf 90' lang='lat' dir='ltr'>in</span> <span class='ocrx_word' id='word_1_236' title='bbox 1287 3361 1417 3434; x_wconf 89' lang='lat' dir='ltr'>Istbmo</span> 
     </span>
     <span class='ocr_line' id='line_1_31' title="bbox 10 3463 1532 3568; baseline -0.001 -31"><span class='ocrx_word' id='word_1_237' title='bbox 10 3561 13 3568; x_wconf 24' lang='grc' dir='ltr'>Ι</span> <span class='ocrx_word' id='word_1_238' title='bbox 305 3473 341 3537; x_wconf 91' lang='lat' dir='ltr'>et</span> <span class='ocrx_word' id='word_1_239' title='bbox 371 3463 515 3537; x_wconf 88' lang='lat' dir='ltr'>Nemeae</span> <span class='ocrx_word' id='word_1_240' title='bbox 540 3463 758 3563; x_wconf 84' lang='lat' dir='ltr'>Taraxippc‚</span> <span class='ocrx_word' id='word_1_241' title='bbox 793 3472 957 3560; x_wconf 88' lang='lat' dir='ltr'>tamquam</span> <span class='ocrx_word' id='word_1_242' title='bbox 989 3465 1109 3538; x_wconf 90' lang='lat' dir='ltr'>infesto</span> <span class='ocrx_word' id='word_1_243' title='bbox 1142 3465 1271 3536; x_wconf 84' lang='lat' dir='ltr'>cuidam</span> <span class='ocrx_word' id='word_1_244' title='bbox 1294 3464 1417 3562; x_wconf 85' lang='lat' dir='ltr'>genio,</span> <span class='ocrx_word' id='word_1_245' title='bbox 1531 3471 1532 3562; x_wconf 31' lang='grc' dir='ltr'><strong><em>ᾗ</em></strong></span> 
     </span>
     <span class='ocr_line' id='line_1_32' title="bbox 147 3565 1532 3662; baseline 0.004 -23"><span class='ocrx_word' id='word_1_246' title='bbox 147 3568 187 3584; x_wconf 19' lang='grc' dir='ltr'>κ’</span> <span class='ocrx_word' id='word_1_247' title='bbox 304 3574 452 3640; x_wconf 77' lang='lat' dir='ltr'>ueterum</span> <span class='ocrx_word' id='word_1_248' title='bbox 478 3567 670 3661; x_wconf 87' lang='lat' dir='ltr'>superstitio</span> <span class='ocrx_word' id='word_1_249' title='bbox 695 3566 872 3658; x_wconf 89' lang='lat' dir='ltr'>tribuebat,</span> <span class='ocrx_word' id='word_1_250' title='bbox 898 3567 933 3638; x_wconf 94' lang='lat' dir='ltr'>in</span> <span class='ocrx_word' id='word_1_251' title='bbox 949 3567 1033 3640; x_wconf 90' lang='lat' dir='ltr'>loeis</span> <span class='ocrx_word' id='word_1_252' title='bbox 1048 3566 1123 3638; x_wconf 88' lang='lat' dir='ltr'>istis</span> <span class='ocrx_word' id='word_1_253' title='bbox 1140 3567 1289 3638; x_wconf 89' lang='lat' dir='ltr'>omuibus</span> <span class='ocrx_word' id='word_1_254' title='bbox 1302 3565 1416 3662; x_wconf 89' lang='lat' dir='ltr'>paullo</span> <span class='ocrx_word' id='word_1_255' title='bbox 1531 3637 1532 3644; x_wconf 74' lang='grc'>,</span> 
     </span>
     <span class='ocr_line' id='line_1_33' title="bbox 175 3651 1532 3758; baseline 0 -20"><span class='ocrx_word' id='word_1_256' title='bbox 175 3727 183 3758; x_wconf 79' lang='grc'><strong>,</strong></span> <span class='ocrx_word' id='word_1_257' title='bbox 306 3675 382 3738; x_wconf 87' lang='lat' dir='ltr'>ante</span> <span class='ocrx_word' id='word_1_258' title='bbox 406 3667 598 3740; x_wconf 77' lang='lat' dir='ltr'>amfractum</span> <span class='ocrx_word' id='word_1_259' title='bbox 632 3667 674 3739; x_wconf 91' lang='lat' dir='ltr'>ad</span> <span class='ocrx_word' id='word_1_260' title='bbox 698 3668 907 3756; x_wconf 86' lang='lat' dir='ltr'>remotiorem</span> <span class='ocrx_word' id='word_1_261' title='bbox 940 3677 1060 3742; x_wconf 91' lang='lat' dir='ltr'>metam</span> <span class='ocrx_word' id='word_1_262' title='bbox 1090 3667 1271 3742; x_wconf 83' lang='lat' dir='ltr'>oriebatur.</span> <span class='ocrx_word' id='word_1_263' title='bbox 1330 3663 1417 3739; x_wconf 86' lang='lat' dir='ltr'>Nam</span> <span class='ocrx_word' id='word_1_264' title='bbox 1531 3651 1532 3678; x_wconf 54' lang='lat'>¹</span> 
     </span>
     <span class='ocr_line' id='line_1_34' title="bbox 306 3767 1416 3866; baseline 0 -26"><span class='ocrx_word' id='word_1_265' title='bbox 306 3791 405 3866; x_wconf 90' lang='lat' dir='ltr'>quum</span> <span class='ocrx_word' id='word_1_266' title='bbox 431 3770 562 3842; x_wconf 90' lang='lat' dir='ltr'>omnino</span> <span class='ocrx_word' id='word_1_267' title='bbox 588 3769 766 3842; x_wconf 75' lang='lat' dir='ltr'>alacriores</span> <span class='ocrx_word' id='word_1_268' title='bbox 792 3769 877 3842; x_wconf 90' lang='lat' dir='ltr'>fiunt</span> <span class='ocrx_word' id='word_1_269' title='bbox 901 3770 1145 3866; x_wconf 81' lang='lat' dir='ltr'>ferocioresque</span> <span class='ocrx_word' id='word_1_270' title='bbox 1170 3769 1268 3866; x_wconf 92' lang='lat' dir='ltr'>eqni,</span> <span class='ocrx_word' id='word_1_271' title='bbox 1296 3767 1353 3840; x_wconf 90' lang='lat' dir='ltr'>nbi</span> <span class='ocrx_word' id='word_1_272' title='bbox 1378 3789 1416 3840; x_wconf 91' lang='lat' dir='ltr'>se</span> 
     </span>
     <span class='ocr_line' id='line_1_35' title="bbox 306 3872 1418 3968; baseline -0.002 -25"><span class='ocrx_word' id='word_1_273' title='bbox 306 3895 351 3943; x_wconf 88' lang='lat' dir='ltr'>ex</span> <span class='ocrx_word' id='word_1_274' title='bbox 376 3877 467 3946; x_wconf 88' lang='lat' dir='ltr'>recto</span> <span class='ocrx_word' id='word_1_275' title='bbox 495 3895 606 3963; x_wconf 89' lang='lat' dir='ltr'>cursu,</span> <span class='ocrx_word' id='word_1_276' title='bbox 630 3873 825 3968; x_wconf 88' lang='lat' dir='ltr'>praesertim</span> <span class='ocrx_word' id='word_1_277' title='bbox 850 3872 1043 3945; x_wconf 83' lang='lat' dir='ltr'>brevissimo</span> <span class='ocrx_word' id='word_1_278' title='bbox 1066 3872 1181 3963; x_wconf 63' lang='lat' dir='ltr'>flexus</span> <span class='ocrx_word' id='word_1_279' title='bbox 1194 3879 1285 3944; x_wconf 90' lang='lat' dir='ltr'>retro</span> <span class='ocrx_word' id='word_1_280' title='bbox 1307 3877 1418 3942; x_wconf 88' lang='lat' dir='ltr'>actum</span> 
     </span>
     <span class='ocr_line' id='line_1_36' title="bbox 304 3971 1417 4070; baseline -0.002 -26"><span class='ocrx_word' id='word_1_281' title='bbox 304 3971 349 4044; x_wconf 90' lang='lat' dir='ltr'>iri</span> <span class='ocrx_word' id='word_1_282' title='bbox 373 3974 618 4069; x_wconf 86' lang='lat' dir='ltr'>praesentiunt,</span> <span class='ocrx_word' id='word_1_283' title='bbox 654 3975 732 4070; x_wconf 90' lang='lat' dir='ltr'>qnia</span> <span class='ocrx_word' id='word_1_284' title='bbox 763 3982 796 4046; x_wconf 90' lang='lat' dir='ltr'>et</span> <span class='ocrx_word' id='word_1_285' title='bbox 827 3974 958 4069; x_wconf 55' lang='lat' dir='ltr'>pedum,</span> <span class='ocrx_word' id='word_1_286' title='bbox 979 3973 1116 4046; x_wconf 83' lang='lat' dir='ltr'>fortiore</span> <span class='ocrx_word' id='word_1_287' title='bbox 1148 3973 1224 4045; x_wconf 90' lang='lat' dir='ltr'>nisu</span> <span class='ocrx_word' id='word_1_288' title='bbox 1253 3978 1289 4044; x_wconf 91' lang='lat' dir='ltr'>et</span> <span class='ocrx_word' id='word_1_289' title='bbox 1313 3971 1417 4044; x_wconf 88' lang='lat' dir='ltr'>totius</span> 
     </span>
     <span class='ocr_line' id='line_1_37' title="bbox 304 4073 1418 4172; baseline -0.004 -24"><span class='ocrx_word' id='word_1_290' title='bbox 304 4073 456 4171; x_wconf 85' lang='lat' dir='ltr'>corporis</span> <span class='ocrx_word' id='word_1_291' title='bbox 482 4073 621 4169; x_wconf 88' lang='lat' dir='ltr'>quadam</span> <span class='ocrx_word' id='word_1_292' title='bbox 646 4075 740 4170; x_wconf 87' lang='lat' dir='ltr'>qnasi</span> <span class='ocrx_word' id='word_1_293' title='bbox 761 4075 1014 4170; x_wconf 84' lang='lat' dir='ltr'>conglobatione</span> <span class='ocrx_word' id='word_1_294' title='bbox 1030 4099 1113 4172; x_wconf 90' lang='lat' dir='ltr'>opus</span> <span class='ocrx_word' id='word_1_295' title='bbox 1135 4082 1199 4166; x_wconf 89' lang='lat' dir='ltr'>est,</span> <span class='ocrx_word' id='word_1_296' title='bbox 1225 4081 1295 4146; x_wconf 88' lang='lat' dir='ltr'>tum</span> <span class='ocrx_word' id='word_1_297' title='bbox 1311 4073 1418 4145; x_wconf 91' lang='lat' dir='ltr'>multo</span> 
     </span>
     <span class='ocr_line' id='line_1_38' title="bbox 251 4169 1532 4274; baseline -0.002 -28"><span class='ocrx_word' id='word_1_298' title='bbox 251 4169 257 4212; x_wconf 58' lang='lat'>&#39;¹</span> <span class='ocrx_word' id='word_1_299' title='bbox 305 4177 410 4272; x_wconf 85' lang='lat' dir='ltr'>magis</span> <span class='ocrx_word' id='word_1_300' title='bbox 444 4175 571 4248; x_wconf 88' lang='lat' dir='ltr'>saevire</span> <span class='ocrx_word' id='word_1_301' title='bbox 596 4173 778 4273; x_wconf 90' lang='lat' dir='ltr'>incipiunt,</span> <span class='ocrx_word' id='word_1_302' title='bbox 818 4200 915 4272; x_wconf 92' lang='lat' dir='ltr'>quum</span> <span class='ocrx_word' id='word_1_303' title='bbox 948 4177 1133 4274; x_wconf 86' lang='lat' dir='ltr'>coniugatis</span> <span class='ocrx_word' id='word_1_304' title='bbox 1166 4171 1294 4249; x_wconf 84' lang='lat' dir='ltr'>sinistri</span> <span class='ocrx_word' id='word_1_305' title='bbox 1321 4173 1419 4247; x_wconf 87' lang='lat' dir='ltr'>cobi·</span> <span class='ocrx_word' id='word_1_306' title='bbox 1531 4177 1532 4212; x_wconf 64' lang='lat'>¹</span> 
     </span>
     <span class='ocr_line' id='line_1_39' title="bbox 121 4277 1419 4375; baseline -0.005 -22"><span class='ocrx_word' id='word_1_307' title='bbox 121 4309 129 4322; x_wconf 56' lang='grc'><em>“</em></span> <span class='ocrx_word' id='word_1_308' title='bbox 252 4278 436 4368; x_wconf 75' lang='lat' dir='ltr'>bibentur,</span> <span class='ocrx_word' id='word_1_309' title='bbox 461 4277 640 4349; x_wconf 88' lang='lat' dir='ltr'>incitantur</span> <span class='ocrx_word' id='word_1_310' title='bbox 664 4286 773 4350; x_wconf 90' lang='lat' dir='ltr'>autem</span> <span class='ocrx_word' id='word_1_311' title='bbox 797 4277 928 4349; x_wconf 83' lang='lat' dir='ltr'>dextri:</span> <span class='ocrx_word' id='word_1_312' title='bbox 955 4302 1019 4373; x_wconf 92' lang='lat' dir='ltr'>quo</span> <span class='ocrx_word' id='word_1_313' title='bbox 1046 4287 1080 4350; x_wconf 92' lang='lat' dir='ltr'>et</span> <span class='ocrx_word' id='word_1_314' title='bbox 1100 4278 1270 4375; x_wconf 88' lang='lat' dir='ltr'>regiminis</span> <span class='ocrx_word' id='word_1_315' title='bbox 1290 4283 1324 4348; x_wconf 90' lang='lat' dir='ltr'>et</span> <span class='ocrx_word' id='word_1_316' title='bbox 1338 4297 1419 4348; x_wconf 87' lang='lat' dir='ltr'>cur·</span> 
     </span>
     <span class='ocr_line' id='line_1_40' title="bbox 303 4375 1417 4478; baseline -0.004 -23"><span class='ocrx_word' id='word_1_317' title='bbox 303 4399 407 4455; x_wconf 74' lang='lat' dir='ltr'>surae</span> <span class='ocrx_word' id='word_1_318' title='bbox 428 4375 580 4470; x_wconf 87' lang='lat' dir='ltr'>dissidio,</span> <span class='ocrx_word' id='word_1_319' title='bbox 606 4378 684 4458; x_wconf 83' lang='lat' dir='ltr'>dum</span> <span class='ocrx_word' id='word_1_320' title='bbox 706 4378 773 4478; x_wconf 89' lang='lat' dir='ltr'>ipsi</span> <span class='ocrx_word' id='word_1_321' title='bbox 797 4403 834 4452; x_wconf 91' lang='lat' dir='ltr'>so</span> <span class='ocrx_word' id='word_1_322' title='bbox 854 4379 953 4452; x_wconf 79' lang='lat' dir='ltr'>simul</span> <span class='ocrx_word' id='word_1_323' title='bbox 964 4387 1007 4452; x_wconf 89' lang='lat' dir='ltr'>et</span> <span class='ocrx_word' id='word_1_324' title='bbox 1022 4389 1147 4476; x_wconf 86' lang='lat' dir='ltr'>urgent</span> <span class='ocrx_word' id='word_1_325' title='bbox 1169 4388 1207 4452; x_wconf 87' lang='lat' dir='ltr'>et</span> <span class='ocrx_word' id='word_1_326' title='bbox 1219 4377 1417 4474; x_wconf 88' lang='lat' dir='ltr'>impediunt,</span> 
     </span>
    </p>
   </div>
   <div class='ocr_carea' id='block_1_3' title="bbox 0 0 1552 5050">
    <p class='ocr_par' dir='ltr' id='par_1_3' title="bbox 0 0 1552 5050">
     <span class='ocr_line' id='line_1_41' title="bbox 0 0 1552 5050; baseline 0 0"><span class='ocrx_word' id='word_1_327' title='bbox 0 0 1552 5050; x_wconf 95' lang='lat' dir='ltr'> </span> 
     </span>
    </p>
   </div>
  </div>
 </body>
</html>
