3070 5048
281 375 347 446 ³⁰⁰
598 379 649 441 Dll
670 377 857 441 APOLLlNll
877 379 929 440 ΕΤ
949 379 1079 442 DlANA.
1129 471 1136 484 ἲ

177 626 182 636 ,
280 555 408 648 pteram
433 543 593 620 iustitiae.
644 543 735 619 'l'um
760 545 792 618 ei
817 543 971 646 Delfica
996 545 1094 618 aliurn
1120 543 1286 619 indicasse
1315 569 1393 620 ern·

281 650 388 723 delem
412 641 589 740 homiuem,
616 645 670 746 cui
694 671 813 720 nomen
828 644 973 744 Pythoni
997 655 1099 739 esset,
1124 671 1309 744 cognomen
1332 671 1395 720 au·

279 757 346 824 tem
373 751 413 822 ab
439 748 578 822 saeuitia
602 748 757 823 draconi:
798 771 894 846 quem
926 773 1024 846 quum
1056 749 1187 846 sagittis
1212 758 1329 846 petens
1355 747 1393 846 λὴ

279 849 397 927 παιὰν
413 850 602 942 cecinisset,
627 849 662 922 in
690 874 813 923 morem
830 850 972 942 uenisse,
998 859 1035 924 ut
1055 850 1143 923 hosti
1161 849 1289 924 obviam
1309 875 1394 924 eun·

279 961 332 1027 tes
363 975 521 1050 pacarem
549 951 721 1025 canerent.
771 949 932 1024 Eiusdem
955 949 1117 1048 Pythonis
1150 951 1304 1049 quoniam
1336 961 1391 1025 tu·
1516 1047 1517 1050 Ἴ

262 1055 410 1152 -gurium
435 1053 715 1128 concremaverint
738 1052 884 1150 Delphi,
910 1052 982 1126 eius
1007 1053 1058 1126 roi
1080 1053 1269 1126 memoriam
1294 1075 1391 1132 sacro

278 1156 345 1229 ritu
379 1179 453 1228 esse
485 1163 723 1229 conservatam.
780 1153 880 1226 Haud
912 1154 1007 1228 ualde
1041 1153 1214 1228 dissimilia
1244 1155 1393 1229 manavit

279 1257 475 1332 scholiastes
498 1254 636 1329 Pindari
661 1256 697 1328 iu
722 1264 914 1354 argumento
938 1254 1146 1353 Pythiorum.

252 1403 280 1476 4
379 1407 560 1502 Quaerenti
584 1407 662 1505 quid
687 1408 723 1480 in
745 1407 799 1480 his
825 1407 895 1480 ueri
918 1407 1019 1501 insit,
1044 1433 1109 1482 non
1135 1414 1248 1508 potest
1269 1405 1391 1482 obscu-

277 1535 349 1584 rum
376 1535 464 1603 esse,
489 1507 656 1607 Delphos,
693 1535 757 1607 quo
782 1507 907 1607 Apollo
934 1509 1044 1604 statim
1068 1518 1107 1581 ut
1131 1518 1227 1582 natus
1253 1519 1306 1583 est
1330 1535 1390 1584 ue-

117 1641 122 1656 *
241 1613 384 1705 puerit,
419 1620 457 1684 ut
488 1612 627 1712 primam
658 1612 729 1684 eius
757 1620 857 1709 atque
880 1610 1137 1708 antiquissimam
1164 1609 1276 1684 sedem
1302 1611 1390 1686 desi·
1473 1671 1476 1678 .
1518 1645 1519 1660 ι

276 1714 385 1812 gnari.
434 1712 542 1805 Quem
572 1708 683 1786 locum
707 1723 813 1811 ,quum
846 1712 1032 1809 aborigines
1064 1720 1134 1785 tum
1165 1701 1311 1794 tenuisse
1337 1713 1390 1786 di·

276 1825 406 1907 cantur,
433 1823 546 1913 aperte
568 1815 693 1912 Apollo
720 1815 759 1886 ab
785 1813 855 1886 illis
880 1822 917 1887 ut
941 1814 1135 1912 peregrinus
1161 1814 1389 1912 distinguitur.

276 1914 506 1988 Tendentibus
546 1916 628 1988 illuc
660 1915 841 2008 cultoribus
874 1915 1042 2013 Apollinis
1075 1915 1164 1988 circa
1194 1914 1389 2014 Panopeum

274 2016 382 2106 factae
408 2025 485 2091 sunt
509 2016 662 2101 insidiae.
711 2015 786 2089 Eae
803 2015 900 2111 Tityi
923 2016 1054 2090 nomine
1079 2016 1320 2115 significantur,
1346 2017 1386 2092 de
1519 2073 1520 2076 ,

275 2141 340 2215 quo
365 2125 418 2189 est
442 2117 477 2189 in
503 2114 674 2212 Odysseae
698 2113 771 2188 XI.
797 2117 886 2192 580.

374 2267 490 2362 Λητῶ
540 2263 587 2364 ὰρ
611 2264 755 2364 ἥλκηοι,
781 2265 871 2352 Διὸς
893 2221 1038 2365 καδρὴν
1061 2261 1295 2366 παράκοιτιν,

276 2431 280 2438 .
375 2363 506 2444 Πυθ’
572 2370 775 2467 ἐρχομένην
799 2367 865 2446 διὰ
887 2366 1108 2469 καλλιχόρου
1132 2375 1347 2468 Πανοπῆος.

184 2529 188 2536 ’
272 2519 468 2596 interiectio
494 2527 602 2595 autem
628 2521 801 2615 draconis,
835 2521 890 2620 qui
916 2545 957 2594 ee
980 2522 1056 2596 loca
1081 2523 1305 2616 custodiebat,
1337 2521 1386 2598 sic

273 2630 394 2697 testata
420 2631 492 2715 est,
526 2633 565 2696 ut
597 2649 671 2698 cum
704 2625 919 2720 occupatione
943 2624 1151 2721 Delphorum
1176 2625 1221 2697 sit
1246 2627 1386 2700 coniun-

166 2747 173 2754 ·
273 2725 433 2818 ctissime,
459 2748 564 2822 neque
591 2726 690 2797 aliter
705 2726 829 2822 Apollo
856 2749 951 2824 quam
977 2727 1088 2799 occiso
1114 2725 1257 2800 dracoue
1283 2729 1385 2824 potiri
1521 2801 1522 2820 y

271 2825 416 2924 Delphis
450 2827 599 2924 potuisse
631 2827 854 2926 perhibeatur.
904 2826 946 2899 Id
979 2851 1067 2902 versuv
1091 2827 1169 2925 quid
1194 2828 1285 2900 aliud
1311 2854 1385 2903 esse
1521 2915 1522 2926 ρ

271 2927 438 3020 dicamus,
466 2951 562 3024 quam
588 2929 620 3000 ui
645 2930 740 3001 illata
764 2952 838 3001 esse
864 2952 959 3001 sacra
982 2929 1171 3025 Apollinis,
1204 2929 1301 3003 victis
1327 2931 1383 3028 qui

273 3053 347 3102 eum
380 3053 494 3104 arcere
527 3030 727 3103 conabantur
758 3029 838 3102 ieris
870 3030 961 3101 illius
994 3030 1061 3104 loci
1093 3025 1241 3105 incolis?
1296 3031 1381 3104 Nam

201 3187 203 3196 .
271 3131 468 3227 opposuisse
501 3155 537 3204 se
569 3131 647 3203 illos
680 3154 784 3203 novae
816 3130 971 3226 religioni
1003 3155 1043 3203 eo
1076 3133 1181 3229 magis
1208 3140 1381 3206 consentu·-

271 3255 368 3303 neum
393 3239 465 3324 est,
501 3231 577 3328 quia
601 3255 720 3330 magna
744 3232 960 3305 sanctimonia
985 3233 1108 3306 cultum
1140 3234 1187 3306 ibi
1213 3236 1382 3308 oraculum

270 3331 446 3404 habebant.
497 3331 582 3410 Eius
607 3333 658 3405 rei
683 3334 825 3405 omnium
850 3333 1145 3407 luculentissimum
1158 3336 1381 3412 testimouium

269 3433 345 3532 ipso
370 3431 590 3506 Eumenidum
616 3435 754 3510 exordio
779 3435 916 3532 praebet
939 3434 1144 3533 Aeschylus:

366 3592 520 3682 πρῶτον
543 3583 614 3681 μὲν
633 3586 726 3683 «εὐχῇ
751 3584 840 3683 τῇδε
864 3581 1057 3685 πρεσβεύω
1080 3590 1187 3663 θεῶν

370 3685 440 3784 τὴν
464 3684 726 3785 πρωτόμαντιν
750 3693 888 3765 Γαῖαν·
921 3691 961 3763 ἐκ
986 3686 1027 3763 δι’
1050 3695 1116 3786 τῆς
1142 3688 1268 3787 θέμιν,

369 3787 393 3884 ἣ
417 3786 464 3886 δὴ
488 3787 531 3864 τὸ
556 3787 693 3889 μητρὸς
716 3789 870 3889 δευτέρα
894 3786 974 3868 τόδ’
1002 3788 1101 3882 ἕζετο

369 3895 559 3981 μαντεῖον,
585 3890 635 3980 ὥς
658 3885 765 3992 λόγος
789 3918 860 3975 τις·
874 3907 877 3914 ’
893 3895 934 3967 ἐν
958 3889 1000 3968 δὲ
1024 3899 1078 3989 τῷ
1102 3889 1217 3990 τρίτῳ
1243 3893 1248 3929 ³

366 3987 470 4086 λοίχιι
493 3988 693 4089 θελούσης,
719 3989 806 4067 οὐδὲ
831 3995 922 4086 πρὸς
944 3991 1038 4090 βίαν
1061 3989 1173 4084 τινός,

358 4089 521 4177 ’Τιτανὶς
545 4090 646 4189 ἄλλη,
673 4097 759 4176 παῖς
781 4088 950 4182 Χθονός,
974 4093 1165 4188 aedicere,

368 4191 508 4291 Φοίβη,
529 4191 690 4269 δίδωσιν
713 4193 738 4288 ἢ
760 4192 954 4295 γενέθλιον
977 4192 1086 4272 δόσιν
1244 4277 1250 4290 ,

369 4293 521 4393 Φοίβῳ·
552 4291 596 4369 τὸ
622 4292 767 4393 Φοίβης
790 4291 826 4369 d'
857 4293 964 4390 ὄνομ’
993 4295 1065 4390 ἔχει
1083 4289 1329 4400 παρώνυμον.

368 4393 486 4480 λινῶν
509 4391 552 4474 di
575 4393 711 4495 λίμνην
734 4391 876 4516 Δηλίαν
899 4423 939 4472 τι
958 4390 1134 4499 χοιράδα,
