3076 5046
304 357 370 428 um
485 338 775 424 ceraseorum
796 360 1065 466 ccuounmuuu
1086 359 1235 424 usurum

301 529 426 602 finnt·
452 526 506 601 Ae
522 523 620 602 'dieta
646 525 954 602 videntnr'numerc
979 525 1114 624 plurali,
1141 527 1219 625 quia
1241 523 1286 602 τὸ
1303 526 1421 604 ἐπινί-

283 639 388 705 κιον
419 629 580 727 singulari
611 655 746 704 numeru
779 653 910 703 carmen
942 629 1114 704 victoriale
1141 631 1251 702 vecari
1276 632 1417 706 sciebat.

247 731 459 806 '28Fuerunt
490 733 572 804 talia
595 732 747 805 instituta
772 733 847 804 aliis
872 732 908 803 in
932 731 1016 804 lueis
1043 732 1121 803 alia.
1172 728 1235 804 Sic
1260 755 1359 828 quum
1382 734 1419 806 in

306 833 511 931 Thespiensi
543 842 577 905 et
602 832 835 906 Orchomeniis
865 831 1134 929 inscriptionibus
1166 833 1192 904 ii
1215 841 1341 906 tantum
1367 835 1419 905 ui·

306 944 417 1010 etures
442 944 693 1025 recenseantur,
731 935 787 1032 qni
819 935 941 1031 primas
967 935 1157 1030 inqucque
1182 959 1304 1031 genere
1330 937 1419 1008 tule-

306 1047 402 1127 runt,
435 1037 470 1109 in
495 1037 764 1134 inscriptionibus
790 1040 903 1111 2758.
929 1036 1040 1111 2759.
1073 1037 1240 1133 Πυθικῷ
1266 1035 1418 1132 αὐλητῇ,

305 1135 443 1234 κυκλίῳ
458 1135 608 1233 αὐλητῇ,
634 1136 854 1236 κιθαρῳδῷ,
881 1138 1128 1236 ψιλοκιθαριῖ,
1150 1134 1329 1234 χοραύλῃ,
1352 1165 1419 1233 χα-

306 1242 516 1334 ροκιθαρεῖ,
548 1238 686 1336 ἀρχαίᾳ
718 1237 918 1336 κωμῳδίᾳ,
952 1244 1061 1333 καινῇ
1093 1237 1286 1341 τραγῳδίᾳ
1320 1241 1419 1314 etiam

270 1337 275 1340 ’
306 1337 532 1437 carratae,
557 1342 726 1438 tragoedis
752 1351 861 1413 autem
886 1349 921 1413 et
945 1339 1112 1414 comoedis
1137 1341 1220 1413 adec
1245 1339 1419 1437 uprtsicv,

305 1453 542 1539 praetereaque
580 1443 729 1516 omnibus
766 1443 901 1516 musicis
936 1442 1168 1514 certaminibus
1203 1445 1419 1516 cummuniter

301 1541 370 1616 Ιδιαὶ
396 1540 549 1620 πάντων
574 1547 752 1642 praemium
777 1545 987 1642 preponitur.
1037 1543 1191 1641 Denique
1217 1545 1282 1616 iam
1307 1569 1349 1638 ne
1374 1545 1420 1617 il·

305 1646 363 1718 lud
390 1645 519 1743 quidem
546 1647 719 1719 obscurum
745 1657 816 1739 est,
850 1671 910 1720 cur
934 1645 977 1716 ad
1000 1641 1059 1724 τὰ,
1074 1641 1232 1719 ἐπινίκια
1264 1671 1330 1719 nun
1356 1671 1438 1718 nn·-

307 1748 383 1820 dum
408 1773 526 1822 numen
551 1748 707 1841 victuris,
735 1748 794 1821 sed
820 1749 917 1821 etiarn
943 1771 1048 1842 genus
1075 1745 1262 1826 certaminis
1287 1747 1333 1820 sit
1359 1747 1417 1820 atl-

300 1850 440 1922 iectum.
491 1847 576 1946 Nam
602 1874 700 1946 quum
724 1850 802 1942 istu,
829 1871 912 1946 qnae
936 1845 984 1920 uui
1009 1845 1167 1921 ἐπινίκια
1192 1857 1363 1942 necantur,
1389 1850 1418 1924 si

308 1975 385 2024 uera
410 1959 462 2022 est
488 1951 678 2023 coniectura
703 1959 828 2042 nestra,
855 1950 966 2048 prouti
992 1949 1095 2022 visum
1122 1957 1223 2042 esset,
1250 1949 1346 2024 mede
1373 1952 1416 2043 ei,

113 2077 117 2087 ¹
197 2049 201 2052 ’
307 2053 363 2148 qui
394 2053 482 2122 inter
507 2052 650 2123 uictores
673 2052 815 2122 maxime
841 2051 1049 2141 eminuisset,
1086 2051 1183 2124 mudc
1209 2052 1329 2145 alicui,
1361 2053 1417 2150 qui

304 2175 410 2251 prope
436 2152 633 2224 accessisset
658 2152 699 2222 ud
727 2153 909 2243 victoriam,
942 2150 1216 2245 decernerentur,
1242 2165 1418 2228 censentu-

303 2277 401 2327 nenm
428 2262 500 2325 erat
515 2254 677 2325 nominari
693 2255 791 2325 etiam
807 2278 911 2351 genus
928 2254 1128 2347 certaminis,
1156 2256 1244 2352 quia,
1271 2257 1301 2327 si
1317 2281 1417 2354 prue-

303 2356 370 2428 mic
396 2356 456 2428 illu
483 2355 661 2427 donaretur
686 2355 825 2451 aliquis,
860 2356 953 2428 cuins
978 2379 1094 2428 numen
1120 2381 1188 2429 non
1212 2355 1332 2430 fnisset
1356 2358 1416 2430 an-

236 2545 240 2554 ,
304 2465 360 2529 teu
391 2458 426 2530 in
460 2457 638 2528 victoribus
672 2466 977 2548 commemoratum,
1012 2458 1203 2532 intestatum
1227 2461 1414 2554 mansisset,

304 2583 370 2656 quc
396 2558 574 2633 certamine
599 2559 659 2634 ille
683 2561 858 2633 meruisset
883 2558 1038 2656 epinicia.

1519 3541 1520 3586 i

841 4241 863 4278 κ

17 4913 86 4994 ι
165 4886 170 4895 ’
508 4845 513 4858 1
1192 4921 1200 4947 ι
1278 4990 1279 4993 Ἴ
1390 4920 1394 4944 ι
