<?xml version="1.0" encoding="UTF-8"?>
<!DOCTYPE html PUBLIC "-//W3C//DTD XHTML 1.0 Transitional//EN"
    "http://www.w3.org/TR/xhtml1/DTD/xhtml1-transitional.dtd">
<html xmlns="http://www.w3.org/1999/xhtml" xml:lang="en" lang="en">
 <head>
  <title>
</title>
<meta http-equiv="Content-Type" content="text/html;charset=utf-8" />
  <meta name='ocr-system' content='tesseract 3.04.00' />
  <meta name='ocr-capabilities' content='ocr_page ocr_carea ocr_par ocr_line ocrx_word'/>
</head>
<body>
  <div class='ocr_page' id='page_1' title='image "./opuscula05hermgoog/opuscula05hermgoog_0149.png"; bbox 0 0 3084 5050; ppageno 0'>
   <div class='ocr_carea' id='block_1_1' title="bbox 305 389 1137 462">
    <p class='ocr_par' dir='ltr' id='par_1_1' title="bbox 305 389 1137 462">
     <span class='ocr_line' id='line_1_1' title="bbox 305 389 1137 462; baseline -0.012 0"><span class='ocrx_word' id='word_1_1' title='bbox 305 389 369 462; x_wconf 69' lang='grc'>140</span> <span class='ocrx_word' id='word_1_2' title='bbox 583 392 879 456; x_wconf 68' lang='lat' dir='ltr'>summersus</span> <span class='ocrx_word' id='word_1_3' title='bbox 899 389 1137 454; x_wconf 69' lang='lat' dir='ltr'>resumens</span> 
     </span>
    </p>
   </div>
   <div class='ocr_carea' id='block_1_2' title="bbox 80 553 1533 4526">
    <p class='ocr_par' dir='ltr' id='par_1_2' title="bbox 302 553 1529 658">
     <span class='ocr_line' id='line_1_2' title="bbox 302 553 1529 658; baseline 0.001 -24"><span class='ocrx_word' id='word_1_4' title='bbox 302 559 435 658; x_wconf 78' lang='lat' dir='ltr'>spolias</span> <span class='ocrx_word' id='word_1_5' title='bbox 468 559 621 657; x_wconf 86' lang='lat' dir='ltr'>scripsit,</span> <span class='ocrx_word' id='word_1_6' title='bbox 662 565 804 634; x_wconf 87' lang='grc' dir='ltr'><strong><em>λευκῶν</em></strong></span> <span class='ocrx_word' id='word_1_7' title='bbox 834 553 1033 656; x_wconf 71' lang='grc' dir='ltr'><strong><em>πραπίδων</em></strong></span> <span class='ocrx_word' id='word_1_8' title='bbox 1038 611 1052 647; x_wconf 99' lang='grc'><strong><em>,</em></strong></span> <span class='ocrx_word' id='word_1_9' title='bbox 1093 561 1221 632; x_wconf 83' lang='grc' dir='ltr'><strong><em>κακῶν</em></strong></span> <span class='ocrx_word' id='word_1_10' title='bbox 1252 563 1419 656; x_wconf 80' lang='grc' dir='ltr'><strong><em>φρενῶν,</em></strong></span> <span class='ocrx_word' id='word_1_11' title='bbox 1528 599 1529 650; x_wconf 64' lang='lat'>1</span> 
     </span>
    </p>

    <p class='ocr_par' dir='ltr' id='par_1_3' title="bbox 262 659 1281 737">
     <span class='ocr_line' id='line_1_3' title="bbox 262 659 1281 737; baseline -0.005 -1"><span class='ocrx_word' id='word_1_12' title='bbox 262 703 265 714; x_wconf 94' lang='lat'>·</span> <span class='ocrx_word' id='word_1_13' title='bbox 298 664 383 737; x_wconf 86' lang='lat' dir='ltr'>item</span> <span class='ocrx_word' id='word_1_14' title='bbox 408 685 452 733; x_wconf 85' lang='lat' dir='ltr'>ex</span> <span class='ocrx_word' id='word_1_15' title='bbox 476 660 623 734; x_wconf 80' lang='lat' dir='ltr'><strong>Pindaro</strong></span> <span class='ocrx_word' id='word_1_16' title='bbox 653 662 842 734; x_wconf 88' lang='lat' dir='ltr'>adnotatum</span> <span class='ocrx_word' id='word_1_17' title='bbox 868 659 1010 732; x_wconf 83' lang='lat' dir='ltr'>videtur.</span> <span class='ocrx_word' id='word_1_18' title='bbox 1278 682 1281 692; x_wconf 87' lang='lat'>·</span> 
     </span>
    </p>

    <p class='ocr_par' dir='ltr' id='par_1_4' title="bbox 302 757 1419 1066">
     <span class='ocr_line' id='line_1_4' title="bbox 405 757 1419 859; baseline -0.001 -24"><span class='ocrx_word' id='word_1_19' title='bbox 405 762 454 835; x_wconf 90' lang='lat' dir='ltr'>V.</span> <span class='ocrx_word' id='word_1_20' title='bbox 479 767 565 836; x_wconf 94' lang='grc'><strong>122.</strong></span> <span class='ocrx_word' id='word_1_21' title='bbox 584 763 706 859; x_wconf 74' lang='grc'><strong>(217.)</strong></span> <span class='ocrx_word' id='word_1_22' title='bbox 733 770 876 835; x_wconf 87' lang='lat' dir='ltr'>retracto</span> <span class='ocrx_word' id='word_1_23' title='bbox 893 769 1032 834; x_wconf 90' lang='lat' dir='ltr'>accentu</span> <span class='ocrx_word' id='word_1_24' title='bbox 1049 759 1255 850; x_wconf 81' lang='lat' dir='ltr'>scribendum</span> <span class='ocrx_word' id='word_1_25' title='bbox 1273 757 1323 835; x_wconf 77' lang='grc' dir='ltr'>δν</span> <span class='ocrx_word' id='word_1_26' title='bbox 1334 759 1419 854; x_wconf 76' lang='grc' dir='ltr'><strong><em>πέρι</em></strong></span> 
     </span>
     <span class='ocr_line' id='line_1_5' title="bbox 302 859 1419 965; baseline 0 -26"><span class='ocrx_word' id='word_1_27' title='bbox 302 861 433 964; x_wconf 78' lang='grc' dir='ltr'><strong><em>ψυχάν</em></strong></span> <span class='ocrx_word' id='word_1_28' title='bbox 463 859 652 965; x_wconf 75' lang='grc' dir='ltr'>γάθησεν,</span> <span class='ocrx_word' id='word_1_29' title='bbox 688 872 725 935; x_wconf 85' lang='lat' dir='ltr'>ut</span> <span class='ocrx_word' id='word_1_30' title='bbox 749 860 832 960; x_wconf 80' lang='grc' dir='ltr'><strong><em>πέρι</em></strong></span> <span class='ocrx_word' id='word_1_31' title='bbox 863 863 908 936; x_wconf 92' lang='lat' dir='ltr'>sit</span> <span class='ocrx_word' id='word_1_32' title='bbox 933 860 1065 948; x_wconf 74' lang='lat' dir='ltr'>cedde,</span> <span class='ocrx_word' id='word_1_33' title='bbox 1100 870 1133 934; x_wconf 94' lang='lat' dir='ltr'>et</span> <span class='ocrx_word' id='word_1_34' title='bbox 1163 861 1342 958; x_wconf 84' lang='lat' dir='ltr'>iungantur</span> <span class='ocrx_word' id='word_1_35' title='bbox 1367 863 1419 938; x_wconf 78' lang='grc' dir='ltr'>ἂν</span> 
     </span>
     <span class='ocr_line' id='line_1_6' title="bbox 302 959 1417 1066; baseline 0 -26"><span class='ocrx_word' id='word_1_36' title='bbox 302 963 433 1066; x_wconf 80' lang='grc' dir='ltr'><strong><em>ψυχὰν</em></strong></span> <span class='ocrx_word' id='word_1_37' title='bbox 463 959 652 1066; x_wconf 79' lang='grc' dir='ltr'><strong><em>γάθησεν,</em></strong></span> <span class='ocrx_word' id='word_1_38' title='bbox 692 966 871 1038; x_wconf 85' lang='lat' dir='ltr'>secundum</span> <span class='ocrx_word' id='word_1_39' title='bbox 902 964 1043 1038; x_wconf 81' lang='lat' dir='ltr'>Homeri</span> <span class='ocrx_word' id='word_1_40' title='bbox 1072 962 1157 1036; x_wconf 94' lang='lat' dir='ltr'>illud</span> <span class='ocrx_word' id='word_1_41' title='bbox 1188 959 1341 1066; x_wconf 73' lang='grc' dir='ltr'><strong><em>γεγήθει</em></strong></span> <span class='ocrx_word' id='word_1_42' title='bbox 1373 961 1417 1040; x_wconf 76' lang='grc' dir='ltr'>δὲ</span> 
     </span>
    </p>

    <p class='ocr_par' dir='ltr' id='par_1_5' title="bbox 357 1096 1344 1146">
     <span class='ocr_line' id='line_1_7' title="bbox 357 1096 1344 1146; baseline 0.005 -5"><span class='ocrx_word' id='word_1_43' title='bbox 357 1096 433 1144; x_wconf 87' lang='grc' dir='ltr'><strong><em>ενα.</em></strong></span> <span class='ocrx_word' id='word_1_44' title='bbox 1112 1096 1116 1104; x_wconf 85' lang='grc'><em>’</em></span> <span class='ocrx_word' id='word_1_45' title='bbox 1333 1139 1344 1146; x_wconf 83' lang='grc'><strong>.</strong></span> 
     </span>
    </p>

    <p class='ocr_par' dir='ltr' id='par_1_6' title="bbox 302 1096 1417 1266">
     <span class='ocr_line' id='line_1_8' title="bbox 302 1096 1417 1266; baseline -0.002 -24"><span class='ocrx_word' id='word_1_46' title='bbox 302 1096 355 1168; x_wconf 65' lang='grc' dir='ltr'>φρ</span> <span class='ocrx_word' id='word_1_47' title='bbox 402 1169 451 1242; x_wconf 84' lang='lat' dir='ltr'>V.</span> <span class='ocrx_word' id='word_1_48' title='bbox 480 1173 566 1244; x_wconf 81' lang='lat'>132.</span> <span class='ocrx_word' id='word_1_49' title='bbox 592 1169 715 1266; x_wconf 84' lang='lat'><strong>(234.)</strong></span> <span class='ocrx_word' id='word_1_50' title='bbox 741 1167 800 1240; x_wconf 85' lang='lat' dir='ltr'>&#39;sic</span> <span class='ocrx_word' id='word_1_51' title='bbox 825 1166 1110 1262; x_wconf 81' lang='lat' dir='ltr'>distinguendum:</span> <span class='ocrx_word' id='word_1_52' title='bbox 1151 1163 1233 1240; x_wconf 81' lang='grc' dir='ltr'><strong><em>ἀλλ’</em></strong></span> <span class='ocrx_word' id='word_1_53' title='bbox 1262 1167 1304 1241; x_wconf 79' lang='grc' dir='ltr'>ἐν</span> <span class='ocrx_word' id='word_1_54' title='bbox 1329 1165 1417 1265; x_wconf 74' lang='grc' dir='ltr'><strong><em>ἕκτᾳ</em></strong></span> 
     </span>
    </p>

    <p class='ocr_par' dir='ltr' id='par_1_7' title="bbox 144 1263 1531 1475">
     <span class='ocr_line' id='line_1_9' title="bbox 144 1263 1417 1371; baseline -0.003 -25"><span class='ocrx_word' id='word_1_55' title='bbox 144 1305 156 1328; x_wconf 61' lang='grc' dir='ltr'><strong><em>ι</em></strong></span> <span class='ocrx_word' id='word_1_56' title='bbox 271 1321 274 1332; x_wconf 89' lang='lat'>·</span> <span class='ocrx_word' id='word_1_57' title='bbox 300 1265 437 1360; x_wconf 86' lang='grc' dir='ltr'><strong><em>πάντα,</em></strong></span> <span class='ocrx_word' id='word_1_58' title='bbox 464 1266 576 1371; x_wconf 87' lang='grc' dir='ltr'><strong><em>λόγον</em></strong></span> <span class='ocrx_word' id='word_1_59' title='bbox 590 1269 750 1364; x_wconf 82' lang='grc' dir='ltr'><strong><em>θέμενος</em></strong></span> <span class='ocrx_word' id='word_1_60' title='bbox 767 1267 984 1357; x_wconf 68' lang='grc' dir='ltr'><strong><em>σπωδαῖον,</em></strong></span> <span class='ocrx_word' id='word_1_61' title='bbox 1011 1271 1050 1352; x_wconf 79' lang='grc' dir='ltr'>ἐξ</span> <span class='ocrx_word' id='word_1_62' title='bbox 1068 1267 1186 1368; x_wconf 73' lang='grc' dir='ltr'><strong><em>ἀρχᾶς</em></strong></span> <span class='ocrx_word' id='word_1_63' title='bbox 1207 1263 1303 1367; x_wconf 86' lang='grc' dir='ltr'><strong><em>ἀνὴρ</em></strong></span> <span class='ocrx_word' id='word_1_64' title='bbox 1324 1290 1417 1370; x_wconf 84' lang='grc' dir='ltr'><strong><em>σογ-</em></strong></span> 
     </span>
     <span class='ocr_line' id='line_1_10' title="bbox 300 1370 1531 1475; baseline -0.002 -29"><span class='ocrx_word' id='word_1_65' title='bbox 300 1370 445 1475; x_wconf 82' lang='grc' dir='ltr'><strong><em>γενὲσιν</em></strong></span> <span class='ocrx_word' id='word_1_66' title='bbox 468 1370 731 1468; x_wconf 74' lang='grc' dir='ltr'><strong><em>παρεκοινᾶθ’.</em></strong></span> <span class='ocrx_word' id='word_1_67' title='bbox 1530 1398 1531 1428; x_wconf 63' lang='grc' dir='ltr'><strong><em>ι</em></strong></span> 
     </span>
    </p>

    <p class='ocr_par' dir='ltr' id='par_1_8' title="bbox 273 1468 1531 1976">
     <span class='ocr_line' id='line_1_11' title="bbox 273 1468 1416 1570; baseline -0.004 -23"><span class='ocrx_word' id='word_1_68' title='bbox 273 1484 276 1489; x_wconf 82' lang='grc'><strong>’</strong></span> <span class='ocrx_word' id='word_1_69' title='bbox 402 1472 451 1547; x_wconf 87' lang='lat' dir='ltr'>V.</span> <span class='ocrx_word' id='word_1_70' title='bbox 480 1476 566 1549; x_wconf 86' lang='lat'>145.</span> <span class='ocrx_word' id='word_1_71' title='bbox 599 1475 721 1570; x_wconf 78' lang='lat'><strong>(258.)</strong></span> <span class='ocrx_word' id='word_1_72' title='bbox 780 1471 888 1564; x_wconf 77' lang='lat' dir='ltr'>Quum</span> <span class='ocrx_word' id='word_1_73' title='bbox 905 1471 963 1544; x_wconf 81' lang='lat' dir='ltr'>ad</span> <span class='ocrx_word' id='word_1_74' title='bbox 994 1470 1176 1570; x_wconf 70' lang='lat' dir='ltr'><strong>Sophoclis</strong></span> <span class='ocrx_word' id='word_1_75' title='bbox 1212 1468 1301 1543; x_wconf 88' lang='lat' dir='ltr'>Oed.</span> <span class='ocrx_word' id='word_1_76' title='bbox 1335 1468 1416 1544; x_wconf 87' lang='lat' dir='ltr'>Col.</span> 
     </span>
     <span class='ocr_line' id='line_1_12' title="bbox 301 1574 1531 1672; baseline -0.007 -20"><span class='ocrx_word' id='word_1_77' title='bbox 301 1579 390 1652; x_wconf 78' lang='lat'>284.</span> <span class='ocrx_word' id='word_1_78' title='bbox 416 1576 635 1672; x_wconf 79' lang='lat' dir='ltr'>scripsissem,</span> <span class='ocrx_word' id='word_1_79' title='bbox 663 1574 767 1647; x_wconf 83' lang='lat' dir='ltr'>videri</span> <span class='ocrx_word' id='word_1_80' title='bbox 791 1575 872 1645; x_wconf 83' lang='lat' dir='ltr'>milri</span> <span class='ocrx_word' id='word_1_81' title='bbox 897 1575 980 1647; x_wconf 88' lang='lat' dir='ltr'>haec</span> <span class='ocrx_word' id='word_1_82' title='bbox 1004 1577 1055 1647; x_wconf 91' lang='lat' dir='ltr'>sic</span> <span class='ocrx_word' id='word_1_83' title='bbox 1080 1597 1153 1644; x_wconf 88' lang='lat' dir='ltr'>esse</span> <span class='ocrx_word' id='word_1_84' title='bbox 1180 1574 1413 1666; x_wconf 89' lang='lat' dir='ltr'>construenda,</span> <span class='ocrx_word' id='word_1_85' title='bbox 1530 1579 1531 1622; x_wconf 62' lang='lat' dir='ltr'>l</span> 
     </span>
     <span class='ocr_line' id='line_1_13' title="bbox 301 1668 1414 1774; baseline -0.003 -22"><span class='ocrx_word' id='word_1_86' title='bbox 301 1674 398 1752; x_wconf 74' lang='grc' dir='ltr'><strong><em>αἰδῶ</em></strong></span> <span class='ocrx_word' id='word_1_87' title='bbox 429 1673 595 1774; x_wconf 79' lang='grc' dir='ltr'><strong><em>καλύψαι</em></strong></span> <span class='ocrx_word' id='word_1_88' title='bbox 634 1676 679 1751; x_wconf 83' lang='grc' dir='ltr'><strong><em>οὐ</em></strong></span> <span class='ocrx_word' id='word_1_89' title='bbox 711 1674 838 1770; x_wconf 83' lang='grc' dir='ltr'><strong><em>πρέπει</em></strong></span> <span class='ocrx_word' id='word_1_90' title='bbox 868 1683 951 1772; x_wconf 81' lang='grc' dir='ltr'>νῷν</span> <span class='ocrx_word' id='word_1_91' title='bbox 985 1668 1223 1770; x_wconf 80' lang='grc' dir='ltr'><strong><em>χαλκοτόροις</em></strong></span> <span class='ocrx_word' id='word_1_92' title='bbox 1256 1670 1414 1774; x_wconf 81' lang='grc' dir='ltr'><strong><em>ξίφεσιν,</em></strong></span> 
     </span>
     <span class='ocr_line' id='line_1_14' title="bbox 295 1765 1414 1880; baseline -0.005 -26"><span class='ocrx_word' id='word_1_93' title='bbox 295 1777 383 1854; x_wconf 68' lang='lat' dir='ltr'>&#39;odd</span> <span class='ocrx_word' id='word_1_94' title='bbox 414 1775 632 1855; x_wconf 83' lang='grc' dir='ltr'><strong><em>ἀκόντεσσιν</em></strong></span> <span class='ocrx_word' id='word_1_95' title='bbox 656 1776 823 1880; x_wconf 84' lang='grc' dir='ltr'><strong><em>μεγάλαν</em></strong></span> <span class='ocrx_word' id='word_1_96' title='bbox 847 1773 1044 1878; x_wconf 80' lang='grc' dir='ltr'><strong><em>προγόνων</em></strong></span> <span class='ocrx_word' id='word_1_97' title='bbox 1068 1773 1184 1870; x_wconf 83' lang='grc' dir='ltr'><strong><em>τιμὰν</em></strong></span> <span class='ocrx_word' id='word_1_98' title='bbox 1204 1765 1414 1866; x_wconf 84' lang='grc' dir='ltr'><strong><em>δάσασθαι,</em></strong></span> 
     </span>
     <span class='ocr_line' id='line_1_15' title="bbox 301 1877 1415 1976; baseline -0.006 -22"><span class='ocrx_word' id='word_1_99' title='bbox 301 1880 478 1954; x_wconf 89' lang='lat' dir='ltr'>Dissenius</span> <span class='ocrx_word' id='word_1_100' title='bbox 514 1881 676 1976; x_wconf 80' lang='lat' dir='ltr'>singulari</span> <span class='ocrx_word' id='word_1_101' title='bbox 713 1880 964 1952; x_wconf 74' lang='lat' dir='ltr'>ratiocinatione</span> <span class='ocrx_word' id='word_1_102' title='bbox 1002 1880 1052 1953; x_wconf 90' lang='lat' dir='ltr'>sic</span> <span class='ocrx_word' id='word_1_103' title='bbox 1084 1879 1170 1952; x_wconf 83' lang='lat' dir='ltr'>male</span> <span class='ocrx_word' id='word_1_104' title='bbox 1203 1877 1415 1975; x_wconf 82' lang='lat' dir='ltr'>loquuturum</span> 
     </span>
    </p>

    <p class='ocr_par' dir='ltr' id='par_1_9' title="bbox 254 1962 1532 2585">
     <span class='ocr_line' id='line_1_16' title="bbox 254 1962 1532 2078; baseline 0.001 -27"><span class='ocrx_word' id='word_1_105' title='bbox 254 1980 405 2054; x_wconf 82' lang='lat' dir='ltr'>l2luisse</span> <span class='ocrx_word' id='word_1_106' title='bbox 429 1981 609 2052; x_wconf 83' lang='lat' dir='ltr'>Pindarum</span> <span class='ocrx_word' id='word_1_107' title='bbox 636 1980 771 2076; x_wconf 79' lang='lat' dir='ltr'>scripsit</span> <span class='ocrx_word' id='word_1_108' title='bbox 794 2006 830 2077; x_wconf 71' lang='lat' dir='ltr'>p,</span> <span class='ocrx_word' id='word_1_109' title='bbox 858 1983 945 2071; x_wconf 78' lang='lat'><strong>233,</strong></span> <span class='ocrx_word' id='word_1_110' title='bbox 972 1993 1075 2072; x_wconf 86' lang='lat' dir='ltr'>„uam</span> <span class='ocrx_word' id='word_1_111' title='bbox 1101 1979 1261 2078; x_wconf 91' lang='lat' dir='ltr'>pudorem</span> <span class='ocrx_word' id='word_1_112' title='bbox 1286 2004 1305 2052; x_wconf 88' lang='lat' dir='ltr'>e</span> <span class='ocrx_word' id='word_1_113' title='bbox 1331 2005 1415 2052; x_wconf 85' lang='lat' dir='ltr'>cou-</span> <span class='ocrx_word' id='word_1_114' title='bbox 1531 1962 1532 2010; x_wconf 49' lang='lat'>¹</span> 
     </span>
     <span class='ocr_line' id='line_1_17' title="bbox 299 2077 1414 2180; baseline -0.003 -24"><span class='ocrx_word' id='word_1_115' title='bbox 299 2089 416 2180; x_wconf 89' lang='lat' dir='ltr'>spectu</span> <span class='ocrx_word' id='word_1_116' title='bbox 440 2090 610 2154; x_wconf 82' lang='lat' dir='ltr'>removent</span> <span class='ocrx_word' id='word_1_117' title='bbox 635 2080 723 2152; x_wconf 82' lang='lat' dir='ltr'>bello</span> <span class='ocrx_word' id='word_1_118' title='bbox 748 2082 894 2177; x_wconf 85' lang='lat' dir='ltr'>incepto,</span> <span class='ocrx_word' id='word_1_119' title='bbox 922 2077 1042 2156; x_wconf 83' lang='lat' dir='ltr'>bellum</span> <span class='ocrx_word' id='word_1_120' title='bbox 1067 2090 1176 2154; x_wconf 89' lang='lat' dir='ltr'>autem</span> <span class='ocrx_word' id='word_1_121' title='bbox 1200 2081 1328 2178; x_wconf 82' lang='lat' dir='ltr'>geritur</span> <span class='ocrx_word' id='word_1_122' title='bbox 1351 2105 1414 2153; x_wconf 89' lang='lat' dir='ltr'>eu·</span> 
     </span>
     <span class='ocr_line' id='line_1_18' title="bbox 299 2182 1532 2277; baseline 0 -19"><span class='ocrx_word' id='word_1_123' title='bbox 299 2184 390 2258; x_wconf 83' lang='lat' dir='ltr'>sibus</span> <span class='ocrx_word' id='word_1_124' title='bbox 416 2190 451 2255; x_wconf 88' lang='lat' dir='ltr'>et</span> <span class='ocrx_word' id='word_1_125' title='bbox 475 2183 598 2270; x_wconf 84' lang='lat' dir='ltr'>hastis3</span> <span class='ocrx_word' id='word_1_126' title='bbox 630 2183 717 2254; x_wconf 89' lang='lat' dir='ltr'>unde</span> <span class='ocrx_word' id='word_1_127' title='bbox 741 2182 834 2254; x_wconf 85' lang='lat' dir='ltr'>uides</span> <span class='ocrx_word' id='word_1_128' title='bbox 859 2207 924 2255; x_wconf 92' lang='lat' dir='ltr'>uon</span> <span class='ocrx_word' id='word_1_129' title='bbox 952 2184 1033 2256; x_wconf 86' lang='lat' dir='ltr'>bene</span> <span class='ocrx_word' id='word_1_130' title='bbox 1059 2208 1155 2257; x_wconf 88' lang='lat' dir='ltr'>enses</span> <span class='ocrx_word' id='word_1_131' title='bbox 1182 2192 1215 2256; x_wconf 89' lang='lat' dir='ltr'>et</span> <span class='ocrx_word' id='word_1_132' title='bbox 1231 2183 1341 2255; x_wconf 89' lang='lat' dir='ltr'>iacula</span> <span class='ocrx_word' id='word_1_133' title='bbox 1357 2183 1414 2258; x_wconf 85' lang='lat' dir='ltr'>luic</span> <span class='ocrx_word' id='word_1_134' title='bbox 1531 2247 1532 2277; x_wconf 29' lang='lat' dir='ltr'>p</span> 
     </span>
     <span class='ocr_line' id='line_1_19' title="bbox 287 2282 1532 2382; baseline -0.002 -24"><span class='ocrx_word' id='word_1_135' title='bbox 287 2285 460 2382; x_wconf 84' lang='lat' dir='ltr'>separari,</span> <span class='ocrx_word' id='word_1_136' title='bbox 486 2307 548 2356; x_wconf 89' lang='lat' dir='ltr'>uec</span> <span class='ocrx_word' id='word_1_137' title='bbox 573 2283 683 2380; x_wconf 89' lang='lat' dir='ltr'>potuit</span> <span class='ocrx_word' id='word_1_138' title='bbox 706 2292 879 2356; x_wconf 88' lang='lat' dir='ltr'>accuratus</span> <span class='ocrx_word' id='word_1_139' title='bbox 902 2284 1046 2382; x_wconf 88' lang='lat' dir='ltr'>scriptor</span> <span class='ocrx_word' id='word_1_140' title='bbox 1063 2286 1111 2358; x_wconf 89' lang='lat' dir='ltr'>ita</span> <span class='ocrx_word' id='word_1_141' title='bbox 1127 2285 1233 2382; x_wconf 85' lang='lat' dir='ltr'>loqui.</span> <span class='ocrx_word' id='word_1_142' title='bbox 1243 2291 1269 2331; x_wconf 86' lang='lat'><strong>“</strong></span> <span class='ocrx_word' id='word_1_143' title='bbox 1310 2282 1412 2377; x_wconf 87' lang='lat' dir='ltr'>Num,</span> <span class='ocrx_word' id='word_1_144' title='bbox 1531 2283 1532 2304; x_wconf 64' lang='lat'>¹</span> 
     </span>
     <span class='ocr_line' id='line_1_20' title="bbox 299 2386 1470 2484; baseline -0.001 -24"><span class='ocrx_word' id='word_1_145' title='bbox 299 2387 356 2484; x_wconf 87' lang='lat' dir='ltr'>qui</span> <span class='ocrx_word' id='word_1_146' title='bbox 381 2387 469 2460; x_wconf 89' lang='lat' dir='ltr'>bello</span> <span class='ocrx_word' id='word_1_147' title='bbox 495 2386 642 2483; x_wconf 87' lang='lat' dir='ltr'>incepto,</span> <span class='ocrx_word' id='word_1_148' title='bbox 671 2386 725 2458; x_wconf 83' lang='lat' dir='ltr'>uel</span> <span class='ocrx_word' id='word_1_149' title='bbox 749 2387 860 2483; x_wconf 86' lang='lat' dir='ltr'>potius</span> <span class='ocrx_word' id='word_1_150' title='bbox 886 2386 1075 2484; x_wconf 89' lang='lat' dir='ltr'>incipiendo</span> <span class='ocrx_word' id='word_1_151' title='bbox 1103 2388 1195 2483; x_wconf 89' lang='lat' dir='ltr'>(nam</span> <span class='ocrx_word' id='word_1_152' title='bbox 1219 2386 1253 2457; x_wconf 94' lang='lat' dir='ltr'>id</span> <span class='ocrx_word' id='word_1_153' title='bbox 1279 2386 1413 2460; x_wconf 82' lang='lat' dir='ltr'>volebat</span> <span class='ocrx_word' id='word_1_154' title='bbox 1468 2443 1470 2448; x_wconf 86' lang='lat'><em>.</em></span> 
     </span>
     <span class='ocr_line' id='line_1_21' title="bbox 298 2487 1473 2585; baseline -0.001 -24"><span class='ocrx_word' id='word_1_155' title='bbox 298 2488 492 2585; x_wconf 88' lang='lat' dir='ltr'>Disseuius)</span> <span class='ocrx_word' id='word_1_156' title='bbox 519 2487 677 2584; x_wconf 89' lang='lat' dir='ltr'>pudorem</span> <span class='ocrx_word' id='word_1_157' title='bbox 704 2511 723 2558; x_wconf 90' lang='lat' dir='ltr'>e</span> <span class='ocrx_word' id='word_1_158' title='bbox 749 2495 929 2585; x_wconf 85' lang='lat' dir='ltr'>conspectu</span> <span class='ocrx_word' id='word_1_159' title='bbox 949 2496 1129 2580; x_wconf 87' lang='lat' dir='ltr'>removent,</span> <span class='ocrx_word' id='word_1_160' title='bbox 1156 2513 1221 2562; x_wconf 92' lang='lat' dir='ltr'>nou</span> <span class='ocrx_word' id='word_1_161' title='bbox 1234 2496 1412 2578; x_wconf 79' lang='lat' dir='ltr'>¹removent</span> <span class='ocrx_word' id='word_1_162' title='bbox 1467 2560 1473 2573; x_wconf 83' lang='grc'><strong><em>,</em></strong></span> 
     </span>
    </p>

    <p class='ocr_par' dir='ltr' id='par_1_10' title="bbox 230 2581 1411 2688">
     <span class='ocr_line' id='line_1_22' title="bbox 230 2581 1411 2688; baseline 0 -24"><span class='ocrx_word' id='word_1_163' title='bbox 230 2639 234 2644; x_wconf 88' lang='lat'>-</span> <span class='ocrx_word' id='word_1_164' title='bbox 298 2591 397 2664; x_wconf 86' lang='lat' dir='ltr'>etiam</span> <span class='ocrx_word' id='word_1_165' title='bbox 430 2589 576 2688; x_wconf 84' lang='lat' dir='ltr'>gerendo</span> <span class='ocrx_word' id='word_1_166' title='bbox 603 2581 718 2662; x_wconf 81' lang='lat' dir='ltr'>bello?</span> <span class='ocrx_word' id='word_1_167' title='bbox 757 2613 833 2661; x_wconf 93' lang='lat' dir='ltr'>num</span> <span class='ocrx_word' id='word_1_168' title='bbox 866 2599 999 2686; x_wconf 89' lang='lat' dir='ltr'>separat</span> <span class='ocrx_word' id='word_1_169' title='bbox 1029 2615 1124 2664; x_wconf 90' lang='lat' dir='ltr'>enses</span> <span class='ocrx_word' id='word_1_170' title='bbox 1158 2589 1340 2682; x_wconf 85' lang='lat' dir='ltr'>aiaculis,</span> <span class='ocrx_word' id='word_1_171' title='bbox 1376 2599 1411 2664; x_wconf 95' lang='lat' dir='ltr'>et</span> 
     </span>
    </p>

    <p class='ocr_par' dir='ltr' id='par_1_11' title="bbox 228 2691 1411 2788">
     <span class='ocr_line' id='line_1_23' title="bbox 228 2691 1411 2788; baseline -0.002 -23"><span class='ocrx_word' id='word_1_172' title='bbox 228 2694 233 2708; x_wconf 80' lang='grc'><em>“</em></span> <span class='ocrx_word' id='word_1_173' title='bbox 296 2692 420 2765; x_wconf 86' lang='lat' dir='ltr'>bellum</span> <span class='ocrx_word' id='word_1_174' title='bbox 444 2691 592 2788; x_wconf 84' lang='lat' dir='ltr'>utrisque</span> <span class='ocrx_word' id='word_1_175' title='bbox 618 2691 691 2788; x_wconf 83' lang='lat' dir='ltr'>geri</span> <span class='ocrx_word' id='word_1_176' title='bbox 715 2701 835 2788; x_wconf 82' lang='lat' dir='ltr'>negat,</span> <span class='ocrx_word' id='word_1_177' title='bbox 869 2693 925 2788; x_wconf 93' lang='lat' dir='ltr'>qui</span> <span class='ocrx_word' id='word_1_178' title='bbox 950 2692 1108 2788; x_wconf 88' lang='lat' dir='ltr'>pudorem</span> <span class='ocrx_word' id='word_1_179' title='bbox 1132 2693 1295 2765; x_wconf 88' lang='lat' dir='ltr'>remoueri</span> <span class='ocrx_word' id='word_1_180' title='bbox 1320 2693 1411 2764; x_wconf 90' lang='lat' dir='ltr'>eusi-</span> 
     </span>
    </p>

    <p class='ocr_par' dir='ltr' id='par_1_12' title="bbox 144 2789 1533 3811">
     <span class='ocr_line' id='line_1_24' title="bbox 144 2789 1533 2889; baseline 0.002 -26"><span class='ocrx_word' id='word_1_181' title='bbox 144 2855 149 2863; x_wconf 92' lang='grc'><strong><em>,</em></strong></span> <span class='ocrx_word' id='word_1_182' title='bbox 297 2795 377 2885; x_wconf 84' lang='lat' dir='ltr'>bus,</span> <span class='ocrx_word' id='word_1_183' title='bbox 413 2793 518 2889; x_wconf 88' lang='lat' dir='ltr'>deque</span> <span class='ocrx_word' id='word_1_184' title='bbox 543 2817 646 2888; x_wconf 83' lang='lat' dir='ltr'>regno</span> <span class='ocrx_word' id='word_1_185' title='bbox 673 2792 821 2866; x_wconf 85' lang='lat' dir='ltr'>dimicari</span> <span class='ocrx_word' id='word_1_186' title='bbox 846 2793 950 2866; x_wconf 86' lang='lat' dir='ltr'>hastis</span> <span class='ocrx_word' id='word_1_187' title='bbox 976 2789 1084 2866; x_wconf 80' lang='lat' dir='ltr'>dicit?</span> <span class='ocrx_word' id='word_1_188' title='bbox 1120 2819 1196 2886; x_wconf 89' lang='lat' dir='ltr'>num</span> <span class='ocrx_word' id='word_1_189' title='bbox 1221 2803 1409 2866; x_wconf 90' lang='lat' dir='ltr'>accuratum</span> <span class='ocrx_word' id='word_1_190' title='bbox 1532 2819 1533 2828; x_wconf 53' lang='lat'>¹</span> 
     </span>
     <span class='ocr_line' id='line_1_25' title="bbox 298 2893 1409 2992; baseline 0 -24"><span class='ocrx_word' id='word_1_191' title='bbox 298 2896 494 2991; x_wconf 79' lang='lat' dir='ltr'>scriptorem</span> <span class='ocrx_word' id='word_1_192' title='bbox 519 2917 655 2966; x_wconf 88' lang='lat' dir='ltr'>neeesse</span> <span class='ocrx_word' id='word_1_193' title='bbox 681 2903 734 2966; x_wconf 90' lang='lat' dir='ltr'>est</span> <span class='ocrx_word' id='word_1_194' title='bbox 758 2894 884 2992; x_wconf 90' lang='lat' dir='ltr'>duobus</span> <span class='ocrx_word' id='word_1_195' title='bbox 909 2895 1120 2967; x_wconf 84' lang='lat' dir='ltr'>substantivis</span> <span class='ocrx_word' id='word_1_196' title='bbox 1155 2893 1285 2990; x_wconf 85' lang='lat' dir='ltr'>sempei</span> <span class='ocrx_word' id='word_1_197' title='bbox 1310 2919 1409 2968; x_wconf 90' lang='lat' dir='ltr'>unum</span> 
     </span>
     <span class='ocr_line' id='line_1_26' title="bbox 297 2989 1410 3091; baseline -0.002 -21"><span class='ocrx_word' id='word_1_198' title='bbox 297 2995 418 3070; x_wconf 82' lang='lat' dir='ltr'>addere</span> <span class='ocrx_word' id='word_1_199' title='bbox 443 2995 589 3087; x_wconf 85' lang='lat' dir='ltr'>uerbum,</span> <span class='ocrx_word' id='word_1_200' title='bbox 615 3019 678 3068; x_wconf 89' lang='lat' dir='ltr'>nec</span> <span class='ocrx_word' id='word_1_201' title='bbox 701 2996 829 3068; x_wconf 91' lang='lat' dir='ltr'>licitum</span> <span class='ocrx_word' id='word_1_202' title='bbox 853 3019 975 3091; x_wconf 89' lang='lat' dir='ltr'>ponere</span> <span class='ocrx_word' id='word_1_203' title='bbox 1002 2995 1066 3067; x_wconf 90' lang='lat' dir='ltr'>duo</span> <span class='ocrx_word' id='word_1_204' title='bbox 1087 2989 1214 3067; x_wconf 77' lang='lat' dir='ltr'>uerba?</span> <span class='ocrx_word' id='word_1_205' title='bbox 1246 3020 1323 3068; x_wconf 92' lang='lat' dir='ltr'>uum</span> <span class='ocrx_word' id='word_1_206' title='bbox 1349 2996 1410 3068; x_wconf 89' lang='lat' dir='ltr'>de·</span> 
     </span>
     <span class='ocr_line' id='line_1_27' title="bbox 296 3092 1408 3193; baseline 0.002 -24"><span class='ocrx_word' id='word_1_207' title='bbox 296 3097 395 3193; x_wconf 84' lang='lat' dir='ltr'>nique</span> <span class='ocrx_word' id='word_1_208' title='bbox 421 3096 511 3168; x_wconf 85' lang='lat' dir='ltr'>nulla</span> <span class='ocrx_word' id='word_1_209' title='bbox 546 3106 597 3174; x_wconf 87' lang='lat' dir='ltr'>est</span> <span class='ocrx_word' id='word_1_210' title='bbox 628 3096 736 3192; x_wconf 84' lang='lat' dir='ltr'>figura</span> <span class='ocrx_word' id='word_1_211' title='bbox 768 3096 808 3169; x_wconf 78' lang='grc' dir='ltr'>ἓν</span> <span class='ocrx_word' id='word_1_212' title='bbox 840 3092 903 3167; x_wconf 83' lang='grc' dir='ltr'>διὰ</span> <span class='ocrx_word' id='word_1_213' title='bbox 929 3092 1063 3169; x_wconf 70' lang='lat' dir='ltr'>dcciv?</span> <span class='ocrx_word' id='word_1_214' title='bbox 1111 3096 1207 3169; x_wconf 88' lang='lat' dir='ltr'>Haec</span> <span class='ocrx_word' id='word_1_215' title='bbox 1239 3121 1306 3169; x_wconf 88' lang='lat' dir='ltr'>nou</span> <span class='ocrx_word' id='word_1_216' title='bbox 1332 3097 1408 3170; x_wconf 91' lang='lat' dir='ltr'>dico</span> 
     </span>
     <span class='ocr_line' id='line_1_28' title="bbox 297 3196 1409 3294; baseline 0.001 -24"><span class='ocrx_word' id='word_1_217' title='bbox 297 3196 519 3280; x_wconf 82' lang='lat' dir='ltr'>defendendae</span> <span class='ocrx_word' id='word_1_218' title='bbox 551 3198 604 3270; x_wconf 92' lang='lat' dir='ltr'>illi</span> <span class='ocrx_word' id='word_1_219' title='bbox 637 3220 731 3294; x_wconf 88' lang='lat' dir='ltr'>quam</span> <span class='ocrx_word' id='word_1_220' title='bbox 756 3220 993 3293; x_wconf 87' lang='lat' dir='ltr'>proposueram</span> <span class='ocrx_word' id='word_1_221' title='bbox 1025 3197 1248 3290; x_wconf 88' lang='lat' dir='ltr'>distinctioni,</span> <span class='ocrx_word' id='word_1_222' title='bbox 1285 3197 1344 3270; x_wconf 94' lang='lat' dir='ltr'>sed</span> <span class='ocrx_word' id='word_1_223' title='bbox 1371 3208 1409 3271; x_wconf 85' lang='lat' dir='ltr'>ut</span> 
     </span>
     <span class='ocr_line' id='line_1_29' title="bbox 297 3297 1409 3398; baseline -0.004 -24"><span class='ocrx_word' id='word_1_224' title='bbox 297 3323 369 3374; x_wconf 85' lang='lat' dir='ltr'>eam</span> <span class='ocrx_word' id='word_1_225' title='bbox 393 3299 543 3372; x_wconf 87' lang='lat' dir='ltr'>Disseuii</span> <span class='ocrx_word' id='word_1_226' title='bbox 568 3298 768 3396; x_wconf 79' lang='lat' dir='ltr'>argumentis</span> <span class='ocrx_word' id='word_1_227' title='bbox 802 3323 867 3370; x_wconf 90' lang='lat' dir='ltr'>uon</span> <span class='ocrx_word' id='word_1_228' title='bbox 899 3297 1091 3371; x_wconf 79' lang='lat' dir='ltr'>labefactari</span> <span class='ocrx_word' id='word_1_229' title='bbox 1118 3303 1288 3398; x_wconf 83' lang='lat' dir='ltr'>appareat.</span> <span class='ocrx_word' id='word_1_230' title='bbox 1339 3299 1409 3372; x_wconf 88' lang='lat' dir='ltr'>Vi·</span> 
     </span>
     <span class='ocr_line' id='line_1_30' title="bbox 297 3399 1407 3496; baseline -0.003 -20"><span class='ocrx_word' id='word_1_231' title='bbox 297 3402 378 3485; x_wconf 89' lang='lat' dir='ltr'>deor</span> <span class='ocrx_word' id='word_1_232' title='bbox 402 3402 487 3473; x_wconf 93' lang='lat' dir='ltr'>enim</span> <span class='ocrx_word' id='word_1_233' title='bbox 512 3399 719 3474; x_wconf 80' lang='lat' dir='ltr'>intellexisse</span> <span class='ocrx_word' id='word_1_234' title='bbox 745 3407 932 3496; x_wconf 90' lang='lat' dir='ltr'>corruptam</span> <span class='ocrx_word' id='word_1_235' title='bbox 949 3424 1022 3472; x_wconf 87' lang='lat' dir='ltr'>esse</span> <span class='ocrx_word' id='word_1_236' title='bbox 1044 3402 1253 3496; x_wconf 87' lang='lat' dir='ltr'>scripturam.</span> <span class='ocrx_word' id='word_1_237' title='bbox 1303 3401 1407 3496; x_wconf 83' lang='lat' dir='ltr'>Aliud</span> 
     </span>
     <span class='ocr_line' id='line_1_31' title="bbox 296 3497 1407 3603; baseline 0 -27"><span class='ocrx_word' id='word_1_238' title='bbox 296 3511 348 3576; x_wconf 88' lang='lat' dir='ltr'>est</span> <span class='ocrx_word' id='word_1_239' title='bbox 368 3498 558 3603; x_wconf 82' lang='grc' dir='ltr'><strong><em>κρύπτειν,</em></strong></span> <span class='ocrx_word' id='word_1_240' title='bbox 584 3501 674 3573; x_wconf 90' lang='lat' dir='ltr'>aliud</span> <span class='ocrx_word' id='word_1_241' title='bbox 698 3497 908 3590; x_wconf 85' lang='grc' dir='ltr'><strong><em>καλύπτειν,</em></strong></span> <span class='ocrx_word' id='word_1_242' title='bbox 937 3503 1001 3576; x_wconf 89' lang='lat' dir='ltr'>etsi</span> <span class='ocrx_word' id='word_1_243' title='bbox 1026 3503 1088 3575; x_wconf 85' lang='lat' dir='ltr'>luae</span> <span class='ocrx_word' id='word_1_244' title='bbox 1114 3504 1210 3578; x_wconf 90' lang='lat' dir='ltr'>unius</span> <span class='ocrx_word' id='word_1_245' title='bbox 1236 3503 1327 3576; x_wconf 85' lang='lat' dir='ltr'>verbi</span> <span class='ocrx_word' id='word_1_246' title='bbox 1353 3503 1407 3576; x_wconf 91' lang='lat' dir='ltr'>di-</span> 
     </span>
     <span class='ocr_line' id='line_1_32' title="bbox 296 3599 1406 3700; baseline -0.003 -21"><span class='ocrx_word' id='word_1_247' title='bbox 296 3629 410 3679; x_wconf 85' lang='lat' dir='ltr'>uorsae</span> <span class='ocrx_word' id='word_1_248' title='bbox 435 3605 559 3678; x_wconf 86' lang='lat' dir='ltr'>formae</span> <span class='ocrx_word' id='word_1_249' title='bbox 584 3611 680 3676; x_wconf 71' lang='lat' dir='ltr'>sonte</span> <span class='ocrx_word' id='word_1_250' title='bbox 720 3599 894 3700; x_wconf 84' lang='grc' dir='ltr'><strong><em>κρύπτειν</em></strong></span> <span class='ocrx_word' id='word_1_251' title='bbox 919 3605 1004 3676; x_wconf 89' lang='lat' dir='ltr'>enim</span> <span class='ocrx_word' id='word_1_252' title='bbox 1036 3606 1134 3678; x_wconf 92' lang='lat' dir='ltr'>etiam</span> <span class='ocrx_word' id='word_1_253' title='bbox 1167 3606 1208 3679; x_wconf 90' lang='lat' dir='ltr'>de</span> <span class='ocrx_word' id='word_1_254' title='bbox 1239 3605 1282 3679; x_wconf 90' lang='lat' dir='ltr'>iis</span> <span class='ocrx_word' id='word_1_255' title='bbox 1307 3605 1406 3692; x_wconf 83' lang='lat' dir='ltr'>rebus</span> 
     </span>
     <span class='ocr_line' id='line_1_33' title="bbox 289 3706 1405 3811; baseline 0 -31"><span class='ocrx_word' id='word_1_256' title='bbox 289 3706 435 3811; x_wconf 80' lang='lat' dir='ltr'>dicitur,</span> <span class='ocrx_word' id='word_1_257' title='bbox 469 3730 552 3803; x_wconf 88' lang='lat' dir='ltr'>quae</span> <span class='ocrx_word' id='word_1_258' title='bbox 578 3706 629 3779; x_wconf 88' lang='lat' dir='ltr'>sic</span> <span class='ocrx_word' id='word_1_259' title='bbox 654 3706 881 3800; x_wconf 82' lang='lat' dir='ltr'>occultantur,</span> <span class='ocrx_word' id='word_1_260' title='bbox 915 3714 953 3778; x_wconf 84' lang='lat' dir='ltr'>ut</span> <span class='ocrx_word' id='word_1_261' title='bbox 977 3706 1033 3779; x_wconf 86' lang='lat' dir='ltr'>ubi</span> <span class='ocrx_word' id='word_1_262' title='bbox 1058 3708 1126 3779; x_wconf 91' lang='lat' dir='ltr'>sint</span> <span class='ocrx_word' id='word_1_263' title='bbox 1149 3708 1275 3781; x_wconf 90' lang='lat' dir='ltr'>nesciat</span> <span class='ocrx_word' id='word_1_264' title='bbox 1300 3708 1405 3796; x_wconf 87' lang='lat' dir='ltr'>alius;</span> 
     </span>
    </p>

    <p class='ocr_par' dir='ltr' id='par_1_13' title="bbox 169 3804 1406 3906">
     <span class='ocr_line' id='line_1_34' title="bbox 169 3804 1406 3906; baseline -0.002 -23"><span class='ocrx_word' id='word_1_265' title='bbox 169 3885 172 3892; x_wconf 79' lang='grc'><strong><em>,</em></strong></span> <span class='ocrx_word' id='word_1_266' title='bbox 294 3804 492 3883; x_wconf 88' lang='grc' dir='ltr'><strong><em>καλύπτειν</em></strong></span> <span class='ocrx_word' id='word_1_267' title='bbox 519 3815 625 3880; x_wconf 90' lang='lat' dir='ltr'>autem</span> <span class='ocrx_word' id='word_1_268' title='bbox 652 3807 693 3879; x_wconf 92' lang='lat' dir='ltr'>de</span> <span class='ocrx_word' id='word_1_269' title='bbox 718 3809 761 3879; x_wconf 91' lang='lat' dir='ltr'>iis</span> <span class='ocrx_word' id='word_1_270' title='bbox 786 3817 932 3903; x_wconf 88' lang='lat' dir='ltr'>tantum,</span> <span class='ocrx_word' id='word_1_271' title='bbox 959 3831 1042 3904; x_wconf 87' lang='lat' dir='ltr'>quae</span> <span class='ocrx_word' id='word_1_272' title='bbox 1067 3819 1259 3906; x_wconf 85' lang='lat' dir='ltr'>praesentes</span> <span class='ocrx_word' id='word_1_273' title='bbox 1283 3817 1406 3906; x_wconf 80' lang='lat' dir='ltr'>tegun-</span> 
     </span>
    </p>

    <p class='ocr_par' dir='ltr' id='par_1_14' title="bbox 80 3909 1446 4417">
     <span class='ocr_line' id='line_1_35' title="bbox 80 3909 1403 4007; baseline 0 -23"><span class='ocrx_word' id='word_1_274' title='bbox 80 3917 84 3928; x_wconf 90' lang='lat'>&#39;</span> <span class='ocrx_word' id='word_1_275' title='bbox 220 3916 224 3930; x_wconf 90' lang='grc'><em>“</em></span> <span class='ocrx_word' id='word_1_276' title='bbox 294 3919 349 3984; x_wconf 91' lang='lat' dir='ltr'>tur</span> <span class='ocrx_word' id='word_1_277' title='bbox 374 3917 411 3982; x_wconf 88' lang='lat' dir='ltr'>ut</span> <span class='ocrx_word' id='word_1_278' title='bbox 436 3909 561 4006; x_wconf 89' lang='lat' dir='ltr'>adspici</span> <span class='ocrx_word' id='word_1_279' title='bbox 587 3918 762 4005; x_wconf 84' lang='lat' dir='ltr'>nequeant.</span> <span class='ocrx_word' id='word_1_280' title='bbox 812 3909 880 3984; x_wconf 87' lang='lat' dir='ltr'>Hic</span> <span class='ocrx_word' id='word_1_281' title='bbox 905 3911 1079 4006; x_wconf 89' lang='lat' dir='ltr'>scripsisse</span> <span class='ocrx_word' id='word_1_282' title='bbox 1099 3909 1277 3984; x_wconf 89' lang='lat' dir='ltr'>Pindarum</span> <span class='ocrx_word' id='word_1_283' title='bbox 1302 3920 1403 4007; x_wconf 76' lang='lat' dir='ltr'>putor</span> 
     </span>
     <span class='ocr_line' id='line_1_36' title="bbox 294 4001 1403 4112; baseline -0.003 -25"><span class='ocrx_word' id='word_1_284' title='bbox 294 4009 442 4107; x_wconf 85' lang='grc' dir='ltr'><strong><em>’Μοῖραι</em></strong></span> <span class='ocrx_word' id='word_1_285' title='bbox 466 4008 504 4083; x_wconf 69' lang='grc' dir='ltr'><strong><em>δ</em></strong></span> <span class='ocrx_word' id='word_1_286' title='bbox 534 4007 756 4107; x_wconf 79' lang='grc' dir='ltr'><strong><em>ἀφίσταντ’,</em></strong></span> <span class='ocrx_word' id='word_1_287' title='bbox 790 4014 825 4084; x_wconf 77' lang='grc' dir='ltr'><strong><em>εἴ</em></strong></span> <span class='ocrx_word' id='word_1_288' title='bbox 845 4001 908 4094; x_wconf 67' lang='lat' dir='ltr'>ud</span> <span class='ocrx_word' id='word_1_289' title='bbox 931 4011 1052 4108; x_wconf 74' lang='grc' dir='ltr'><strong><em>ἔχθρα</em></strong></span> <span class='ocrx_word' id='word_1_290' title='bbox 1066 4007 1172 4085; x_wconf 81' lang='grc' dir='ltr'>Ιπάλει</span> <span class='ocrx_word' id='word_1_291' title='bbox 1197 4009 1403 4112; x_wconf 83' lang='grc' dir='ltr'><strong><em>ὁμογόνοις,</em></strong></span> 
     </span>
     <span class='ocr_line' id='line_1_37' title="bbox 295 4106 1446 4212; baseline -0.002 -24"><span class='ocrx_word' id='word_1_292' title='bbox 295 4111 398 4188; x_wconf 73' lang='grc' dir='ltr'><strong><em>αἰδοῖ</em></strong></span> <span class='ocrx_word' id='word_1_293' title='bbox 426 4106 603 4209; x_wconf 76' lang='grc' dir='ltr'><strong><em>καλύψαι.</em></strong></span> <span class='ocrx_word' id='word_1_294' title='bbox 672 4111 764 4186; x_wconf 78' lang='lat' dir='ltr'>Nom</span> <span class='ocrx_word' id='word_1_295' title='bbox 794 4111 966 4212; x_wconf 70' lang='lat' dir='ltr'>probant</span> <span class='ocrx_word' id='word_1_296' title='bbox 994 4114 1168 4202; x_wconf 82' lang='grc' dir='ltr'><strong><em>Ρπνσαο,</em></strong></span> <span class='ocrx_word' id='word_1_297' title='bbox 1207 4113 1336 4209; x_wconf 85' lang='lat' dir='ltr'>iuquit,</span> <span class='ocrx_word' id='word_1_298' title='bbox 1369 4113 1406 4186; x_wconf 79' lang='grc' dir='ltr'><strong><em>εδ</em></strong></span> <span class='ocrx_word' id='word_1_299' title='bbox 1441 4155 1446 4168; x_wconf 72' lang='lat'>=</span> 
     </span>
     <span class='ocr_line' id='line_1_38' title="bbox 295 4211 1406 4317; baseline 0.001 -30"><span class='ocrx_word' id='word_1_300' title='bbox 295 4211 399 4317; x_wconf 81' lang='grc' dir='ltr'><strong><em>γιιοδ</em></strong></span> <span class='ocrx_word' id='word_1_301' title='bbox 422 4215 524 4286; x_wconf 72' lang='lat' dir='ltr'>irater</span> <span class='ocrx_word' id='word_1_302' title='bbox 550 4225 739 4313; x_wconf 70' lang='lat' dir='ltr'>cognatos</span> <span class='ocrx_word' id='word_1_303' title='bbox 764 4214 893 4288; x_wconf 79' lang='grc' dir='ltr'><strong><em>οάῶιοε</em></strong></span> <span class='ocrx_word' id='word_1_304' title='bbox 918 4225 986 4303; x_wconf 73' lang='grc' dir='ltr'><strong><em>σοι,</em></strong></span> <span class='ocrx_word' id='word_1_305' title='bbox 1011 4211 1167 4312; x_wconf 78' lang='grc' dir='ltr'><strong><em>ι’άγπαο</em></strong></span> <span class='ocrx_word' id='word_1_306' title='bbox 1185 4212 1341 4315; x_wconf 74' lang='lat' dir='ltr'>predere</span> <span class='ocrx_word' id='word_1_307' title='bbox 1365 4225 1406 4290; x_wconf 79' lang='lat' dir='ltr'>ct</span> 
     </span>
     <span class='ocr_line' id='line_1_39' title="bbox 294 4315 1208 4417; baseline 0.001 -27"><span class='ocrx_word' id='word_1_308' title='bbox 294 4317 513 4394; x_wconf 75' lang='lat' dir='ltr'>reuerentia</span> <span class='ocrx_word' id='word_1_309' title='bbox 537 4317 678 4390; x_wconf 74' lang='lat' dir='ltr'>celare.</span> <span class='ocrx_word' id='word_1_310' title='bbox 729 4315 871 4416; x_wconf 74' lang='lat' dir='ltr'>Itaque</span> <span class='ocrx_word' id='word_1_311' title='bbox 896 4326 1032 4416; x_wconf 73' lang='lat' dir='ltr'>aperto</span> <span class='ocrx_word' id='word_1_312' title='bbox 1055 4317 1208 4417; x_wconf 82' lang='grc' dir='ltr'><strong><em>ῖσγκαν.</em></strong></span> 
     </span>
    </p>

    <p class='ocr_par' dir='ltr' id='par_1_15' title="bbox 395 4415 1403 4526">
     <span class='ocr_line' id='line_1_40' title="bbox 395 4415 1403 4526; baseline 0.003 -35"><span class='ocrx_word' id='word_1_313' title='bbox 395 4415 445 4492; x_wconf 84' lang='lat' dir='ltr'>V.</span> <span class='ocrx_word' id='word_1_314' title='bbox 471 4418 558 4496; x_wconf 86' lang='lat'>152.</span> <span class='ocrx_word' id='word_1_315' title='bbox 584 4415 708 4516; x_wconf 82' lang='grc'><strong>(270.)</strong></span> <span class='ocrx_word' id='word_1_316' title='bbox 758 4416 835 4491; x_wconf 84' lang='grc' dir='ltr'>Νοο</span> <span class='ocrx_word' id='word_1_317' title='bbox 864 4423 977 4526; x_wconf 89' lang='lat' dir='ltr'>aptum</span> <span class='ocrx_word' id='word_1_318' title='bbox 1007 4416 1064 4492; x_wconf 88' lang='lat' dir='ltr'>hic</span> <span class='ocrx_word' id='word_1_319' title='bbox 1090 4417 1221 4494; x_wconf 81' lang='lat' dir='ltr'>ridetur</span> <span class='ocrx_word' id='word_1_320' title='bbox 1244 4417 1403 4494; x_wconf 87' lang='lat' dir='ltr'>anacolu-</span> 
     </span>
    </p>
   </div>
   <div class='ocr_carea' id='block_1_3' title="bbox 0 0 1546 5050">
    <p class='ocr_par' dir='ltr' id='par_1_16' title="bbox 0 0 1546 5050">
     <span class='ocr_line' id='line_1_41' title="bbox 0 0 1546 5050; baseline 0 4"><span class='ocrx_word' id='word_1_321' title='bbox 0 0 1546 5050; x_wconf 95' lang='lat' dir='ltr'> </span> 
     </span>
    </p>
   </div>
  </div>
 </body>
</html>
