<?xml version="1.0" encoding="UTF-8"?>
<!DOCTYPE html PUBLIC "-//W3C//DTD XHTML 1.0 Transitional//EN"
    "http://www.w3.org/TR/xhtml1/DTD/xhtml1-transitional.dtd">
<html xmlns="http://www.w3.org/1999/xhtml" xml:lang="en" lang="en">
 <head>
  <title>
</title>
<meta http-equiv="Content-Type" content="text/html;charset=utf-8" />
  <meta name='ocr-system' content='tesseract 3.04.00' />
  <meta name='ocr-capabilities' content='ocr_page ocr_carea ocr_par ocr_line ocrx_word'/>
</head>
<body>
  <div class='ocr_page' id='page_1' title='image "./opuscula05hermgoog/opuscula05hermgoog_0089.png"; bbox 0 0 3084 5050; ppageno 0'>
   <div class='ocr_carea' id='block_1_1' title="bbox 176 291 1276 410">
    <p class='ocr_par' dir='ltr' id='par_1_1' title="bbox 176 291 1276 410">
     <span class='ocr_line' id='line_1_1' title="bbox 176 291 1276 410; baseline -0.009 1"><span class='ocrx_word' id='word_1_1' title='bbox 176 291 203 394; x_wconf 64' lang='lat'><strong>⁸,</strong></span> <span class='ocrx_word' id='word_1_2' title='bbox 291 337 364 410; x_wconf 58' lang='lat' dir='ltr'><strong>en*</strong></span> <span class='ocrx_word' id='word_1_3' title='bbox 516 321 519 326; x_wconf 82' lang='grc'><strong>’</strong></span> <span class='ocrx_word' id='word_1_4' title='bbox 593 341 776 408; x_wconf 76' lang='lat' dir='ltr'><strong>normanno</strong></span> <span class='ocrx_word' id='word_1_5' title='bbox 797 341 1103 407; x_wconf 66' lang='lat' dir='ltr'><strong>moratorum</strong></span> <span class='ocrx_word' id='word_1_6' title='bbox 1272 363 1276 376; x_wconf 87' lang='lat'>.</span> 
     </span>
    </p>
   </div>
   <div class='ocr_carea' id='block_1_2' title="bbox 168 505 1530 3346">
    <p class='ocr_par' dir='ltr' id='par_1_2' title="bbox 244 505 1406 622">
     <span class='ocr_line' id='line_1_2' title="bbox 244 505 1406 622; baseline -0.003 -38"><span class='ocrx_word' id='word_1_7' title='bbox 244 511 248 520; x_wconf 89' lang='lat'>&#39;</span> <span class='ocrx_word' id='word_1_8' title='bbox 291 533 368 584; x_wconf 87' lang='lat' dir='ltr'><strong>num</strong></span> <span class='ocrx_word' id='word_1_9' title='bbox 393 505 604 608; x_wconf 71' lang='grc' dir='ltr'><strong><em>ὑποβολέως</em></strong></span> <span class='ocrx_word' id='word_1_10' title='bbox 627 509 817 584; x_wconf 82' lang='lat' dir='ltr'><strong>oblitterata</strong></span> <span class='ocrx_word' id='word_1_11' title='bbox 841 518 913 584; x_wconf 85' lang='lat' dir='ltr'><strong>orat</strong></span> <span class='ocrx_word' id='word_1_12' title='bbox 937 507 1121 622; x_wconf 43' lang='lat' dir='ltr'><strong>memoria)</strong></span> <span class='ocrx_word' id='word_1_13' title='bbox 1135 507 1195 582; x_wconf 85' lang='lat' dir='ltr'><strong>sed</strong></span> <span class='ocrx_word' id='word_1_14' title='bbox 1220 506 1406 582; x_wconf 83' lang='lat' dir='ltr'><strong>dinerimne</strong></span> 
     </span>
    </p>

    <p class='ocr_par' dir='ltr' id='par_1_3' title="bbox 293 609 1405 711">
     <span class='ocr_line' id='line_1_3' title="bbox 293 609 1405 711; baseline 0.001 -28"><span class='ocrx_word' id='word_1_15' title='bbox 293 611 381 709; x_wconf 89' lang='lat' dir='ltr'><strong>quod</strong></span> <span class='ocrx_word' id='word_1_16' title='bbox 406 636 476 685; x_wconf 84' lang='lat' dir='ltr'><strong>noc·</strong></span> <span class='ocrx_word' id='word_1_17' title='bbox 492 611 567 686; x_wconf 86' lang='lat' dir='ltr'><strong>fieri</strong></span> <span class='ocrx_word' id='word_1_18' title='bbox 590 635 654 688; x_wconf 84' lang='lat' dir='ltr'><strong>uec</strong></span> <span class='ocrx_word' id='word_1_19' title='bbox 678 612 745 686; x_wconf 85' lang='lat' dir='ltr'><strong>dici</strong></span> <span class='ocrx_word' id='word_1_20' title='bbox 769 614 916 711; x_wconf 87' lang='lat' dir='ltr'><strong>potuerit</strong></span> <span class='ocrx_word' id='word_1_21' title='bbox 940 613 1007 685; x_wconf 88' lang='lat' dir='ltr'><strong>nisi</strong></span> <span class='ocrx_word' id='word_1_22' title='bbox 1023 610 1069 688; x_wconf 63' lang='lat' dir='ltr'><strong>„on</strong></span> <span class='ocrx_word' id='word_1_23' title='bbox 1095 609 1282 685; x_wconf 88' lang='lat' dir='ltr'><strong>hominihus</strong></span> <span class='ocrx_word' id='word_1_24' title='bbox 1307 611 1405 692; x_wconf 83' lang='lat' dir='ltr'><strong>ualde</strong></span> 
     </span>
    </p>

    <p class='ocr_par' dir='ltr' id='par_1_4' title="bbox 242 709 1407 810">
     <span class='ocr_line' id='line_1_4' title="bbox 242 709 1407 810; baseline 0 -24"><span class='ocrx_word' id='word_1_25' title='bbox 242 709 244 715; x_wconf 47' lang='lat'><strong>⁴</strong></span> <span class='ocrx_word' id='word_1_26' title='bbox 291 713 434 810; x_wconf 89' lang='lat' dir='ltr'><strong>ineptis,</strong></span> <span class='ocrx_word' id='word_1_27' title='bbox 459 713 495 786; x_wconf 93' lang='lat' dir='ltr'><strong>id</strong></span> <span class='ocrx_word' id='word_1_28' title='bbox 518 713 562 786; x_wconf 90' lang='lat' dir='ltr'><strong>iis</strong></span> <span class='ocrx_word' id='word_1_29' title='bbox 587 713 737 810; x_wconf 86' lang='lat' dir='ltr'><strong>relinquo</strong></span> <span class='ocrx_word' id='word_1_30' title='bbox 763 714 1019 806; x_wconf 83' lang='lat' dir='ltr'><strong>aestimandum,</strong></span> <span class='ocrx_word' id='word_1_31' title='bbox 1055 713 1112 809; x_wconf 86' lang='lat' dir='ltr'><strong>qui</strong></span> <span class='ocrx_word' id='word_1_32' title='bbox 1136 737 1248 786; x_wconf 87' lang='lat' dir='ltr'><strong>secum</strong></span> <span class='ocrx_word' id='word_1_33' title='bbox 1274 713 1407 809; x_wconf 80' lang='lat' dir='ltr'><strong>cogita·</strong></span> 
     </span>
    </p>

    <p class='ocr_par' dir='ltr' id='par_1_5' title="bbox 291 811 1528 1014">
     <span class='ocr_line' id='line_1_5' title="bbox 291 811 1406 913; baseline 0.002 -26"><span class='ocrx_word' id='word_1_34' title='bbox 291 815 386 906; x_wconf 88' lang='lat' dir='ltr'><strong>hnnt,</strong></span> <span class='ocrx_word' id='word_1_35' title='bbox 413 814 499 910; x_wconf 91' lang='lat' dir='ltr'><strong>quod</strong></span> <span class='ocrx_word' id='word_1_36' title='bbox 525 813 611 912; x_wconf 88' lang='lat' dir='ltr'><strong>apud</strong></span> <span class='ocrx_word' id='word_1_37' title='bbox 636 839 697 888; x_wconf 91' lang='lat' dir='ltr'><strong>nos</strong></span> <span class='ocrx_word' id='word_1_38' title='bbox 722 815 773 907; x_wconf 78' lang='lat' dir='ltr'><strong>tit,</strong></span> <span class='ocrx_word' id='word_1_39' title='bbox 800 816 874 890; x_wconf 87' lang='lat' dir='ltr'><strong>heri</strong></span> <span class='ocrx_word' id='word_1_40' title='bbox 894 815 1042 913; x_wconf 85' lang='lat' dir='ltr'><strong>potuisse</strong></span> <span class='ocrx_word' id='word_1_41' title='bbox 1059 811 1157 888; x_wconf 87' lang='lat' dir='ltr'><strong>etiarn</strong></span> <span class='ocrx_word' id='word_1_42' title='bbox 1173 813 1259 912; x_wconf 86' lang='lat' dir='ltr'><strong>apud</strong></span> <span class='ocrx_word' id='word_1_43' title='bbox 1275 813 1406 903; x_wconf 81' lang='lat' dir='ltr'><strong>Teios3</strong></span> 
     </span>
     <span class='ocr_line' id='line_1_6' title="bbox 291 914 1528 1014; baseline 0 -26"><span class='ocrx_word' id='word_1_44' title='bbox 291 917 596 1013; x_wconf 82' lang='lat' dir='ltr'><strong>recitationemquc‚</strong></span> <span class='ocrx_word' id='word_1_45' title='bbox 624 918 750 1014; x_wconf 85' lang='lat' dir='ltr'><strong>qualern</strong></span> <span class='ocrx_word' id='word_1_46' title='bbox 777 918 868 1010; x_wconf 84' lang='lat' dir='ltr'><strong>dixi,</strong></span> <span class='ocrx_word' id='word_1_47' title='bbox 901 916 1032 990; x_wconf 89' lang='lat' dir='ltr'><strong>minime</strong></span> <span class='ocrx_word' id='word_1_48' title='bbox 1057 915 1236 988; x_wconf 87' lang='lat' dir='ltr'><strong>ahhorrere</strong></span> <span class='ocrx_word' id='word_1_49' title='bbox 1261 914 1301 987; x_wconf 90' lang='lat' dir='ltr'><strong>ah</strong></span> <span class='ocrx_word' id='word_1_50' title='bbox 1327 916 1409 988; x_wconf 83' lang='lat' dir='ltr'><strong>uliin</strong></span> <span class='ocrx_word' id='word_1_51' title='bbox 1526 958 1528 978; x_wconf 53' lang='grc' dir='ltr'>ι</span> 
     </span>
    </p>

    <p class='ocr_par' dir='ltr' id='par_1_6' title="bbox 293 1015 1409 1117">
     <span class='ocr_line' id='line_1_7' title="bbox 293 1015 1409 1117; baseline -0.002 -25"><span class='ocrx_word' id='word_1_52' title='bbox 293 1026 377 1116; x_wconf 85' lang='lat' dir='ltr'><strong>quae</strong></span> <span class='ocrx_word' id='word_1_53' title='bbox 409 1025 443 1091; x_wconf 89' lang='lat' dir='ltr'><strong>ct</strong></span> <span class='ocrx_word' id='word_1_54' title='bbox 474 1017 536 1088; x_wconf 88' lang='lat' dir='ltr'><strong>illa</strong></span> <span class='ocrx_word' id='word_1_55' title='bbox 566 1018 602 1091; x_wconf 91' lang='lat' dir='ltr'><strong>in</strong></span> <span class='ocrx_word' id='word_1_56' title='bbox 632 1019 849 1117; x_wconf 78' lang='lat' dir='ltr'><strong>inscriptione</strong></span> <span class='ocrx_word' id='word_1_57' title='bbox 882 1026 916 1091; x_wconf 81' lang='lat' dir='ltr'><strong>et</strong></span> <span class='ocrx_word' id='word_1_58' title='bbox 939 1019 975 1090; x_wconf 92' lang='lat' dir='ltr'><strong>in</strong></span> <span class='ocrx_word' id='word_1_59' title='bbox 1000 1015 1086 1089; x_wconf 88' lang='lat' dir='ltr'><strong>Chia</strong></span> <span class='ocrx_word' id='word_1_60' title='bbox 1111 1025 1409 1108; x_wconf 84' lang='lat' dir='ltr'><strong>commemorentur</strong></span> 
     </span>
    </p>

    <p class='ocr_par' dir='ltr' id='par_1_7' title="bbox 274 1117 1410 1217">
     <span class='ocr_line' id='line_1_8' title="bbox 274 1117 1410 1217; baseline -0.001 -26"><span class='ocrx_word' id='word_1_61' title='bbox 274 1127 469 1217; x_wconf 72' lang='lat' dir='ltr'><strong>&#39;puerorum</strong></span> <span class='ocrx_word' id='word_1_62' title='bbox 480 1127 577 1216; x_wconf 78' lang='lat' dir='ltr'><strong>atquc</strong></span> <span class='ocrx_word' id='word_1_63' title='bbox 592 1119 850 1194; x_wconf 87' lang='lat' dir='ltr'><strong>adolescentium</strong></span> <span class='ocrx_word' id='word_1_64' title='bbox 864 1119 1114 1208; x_wconf 61' lang='lat' dir='ltr'><strong>cemamiiihum</strong></span> <span class='ocrx_word' id='word_1_65' title='bbox 1132 1117 1273 1215; x_wconf 83' lang='lat' dir='ltr'><strong>denique</strong></span> <span class='ocrx_word' id='word_1_66' title='bbox 1288 1118 1410 1192; x_wconf 86' lang='lat' dir='ltr'><strong>orandi</strong></span> 
     </span>
    </p>

    <p class='ocr_par' dir='ltr' id='par_1_8' title="bbox 293 1217 1408 1318">
     <span class='ocr_line' id='line_1_9' title="bbox 293 1217 1408 1318; baseline -0.002 -24"><span class='ocrx_word' id='word_1_67' title='bbox 293 1222 548 1297; x_wconf 74' lang='lat' dir='ltr'><strong>exercitationes</strong></span> <span class='ocrx_word' id='word_1_68' title='bbox 575 1229 610 1294; x_wconf 88' lang='lat' dir='ltr'><strong>et</strong></span> <span class='ocrx_word' id='word_1_69' title='bbox 632 1223 813 1318; x_wconf 77' lang='lat' dir='ltr'><strong>specimina</strong></span> <span class='ocrx_word' id='word_1_70' title='bbox 837 1221 982 1294; x_wconf 90' lang='lat' dir='ltr'><strong>morihns</strong></span> <span class='ocrx_word' id='word_1_71' title='bbox 997 1229 1096 1317; x_wconf 85' lang='lat' dir='ltr'><strong>atquc</strong></span> <span class='ocrx_word' id='word_1_72' title='bbox 1113 1219 1274 1292; x_wconf 86' lang='lat' dir='ltr'><strong>institutis</strong></span> <span class='ocrx_word' id='word_1_73' title='bbox 1292 1217 1408 1298; x_wconf 80' lang='lat' dir='ltr'><strong>Grae·</strong></span> 
     </span>
    </p>

    <p class='ocr_par' dir='ltr' id='par_1_9' title="bbox 293 1314 1409 1402">
     <span class='ocr_line' id='line_1_10' title="bbox 293 1314 1409 1402; baseline -0.001 -7"><span class='ocrx_word' id='word_1_74' title='bbox 293 1314 405 1395; x_wconf 71' lang='lat' dir='ltr'><strong>corum</strong></span> <span class='ocrx_word' id='word_1_75' title='bbox 423 1331 659 1402; x_wconf 73' lang='lat' dir='ltr'><strong>,consentanca</strong></span> <span class='ocrx_word' id='word_1_76' title='bbox 691 1347 765 1394; x_wconf 87' lang='lat' dir='ltr'><strong>esse</strong></span> <span class='ocrx_word' id='word_1_77' title='bbox 796 1324 850 1396; x_wconf 88' lang='lat' dir='ltr'><strong>uel</strong></span> <span class='ocrx_word' id='word_1_78' title='bbox 874 1321 1029 1394; x_wconf 84' lang='lat' dir='ltr'><strong>maxime.</strong></span> <span class='ocrx_word' id='word_1_79' title='bbox 1087 1319 1264 1394; x_wconf 90' lang='lat' dir='ltr'><strong>Postremo</strong></span> <span class='ocrx_word' id='word_1_80' title='bbox 1296 1319 1326 1393; x_wconf 88' lang='lat' dir='ltr'><strong>si</strong></span> <span class='ocrx_word' id='word_1_81' title='bbox 1351 1328 1409 1394; x_wconf 85' lang='lat' dir='ltr'><strong>te-</strong></span> 
     </span>
    </p>

    <p class='ocr_par' dir='ltr' id='par_1_10' title="bbox 261 1420 1407 1521">
     <span class='ocr_line' id='line_1_11' title="bbox 261 1420 1407 1521; baseline -0.002 -23"><span class='ocrx_word' id='word_1_82' title='bbox 261 1441 262 1445; x_wconf 75' lang='grc'>’</span> <span class='ocrx_word' id='word_1_83' title='bbox 291 1447 381 1498; x_wconf 82' lang='lat' dir='ltr'><strong>mere</strong></span> <span class='ocrx_word' id='word_1_84' title='bbox 406 1424 559 1520; x_wconf 80' lang='lat' dir='ltr'><strong>neglecto</strong></span> <span class='ocrx_word' id='word_1_85' title='bbox 585 1423 661 1497; x_wconf 91' lang='lat' dir='ltr'><strong>loco</strong></span> <span class='ocrx_word' id='word_1_86' title='bbox 684 1423 849 1521; x_wconf 80' lang='lat' dir='ltr'><strong>Diogenis</strong></span> <span class='ocrx_word' id='word_1_87' title='bbox 873 1437 1050 1521; x_wconf 84' lang='lat' dir='ltr'><strong>spretaque</strong></span> <span class='ocrx_word' id='word_1_88' title='bbox 1069 1420 1227 1496; x_wconf 83' lang='lat' dir='ltr'><strong>Chiorum</strong></span> <span class='ocrx_word' id='word_1_89' title='bbox 1253 1422 1407 1496; x_wconf 87' lang='lat' dir='ltr'><strong>ludorum</strong></span> 
     </span>
    </p>

    <p class='ocr_par' dir='ltr' id='par_1_11' title="bbox 196 1521 1409 1724">
     <span class='ocr_line' id='line_1_12' title="bbox 196 1521 1409 1622; baseline -0.001 -23"><span class='ocrx_word' id='word_1_90' title='bbox 196 1532 203 1542; x_wconf 89' lang='lat'><em>&#39;</em></span> <span class='ocrx_word' id='word_1_91' title='bbox 229 1594 232 1606; x_wconf 73' lang='grc'>,</span> <span class='ocrx_word' id='word_1_92' title='bbox 291 1525 446 1622; x_wconf 75' lang='lat' dir='ltr'><strong>analogm</strong></span> <span class='ocrx_word' id='word_1_93' title='bbox 469 1524 643 1606; x_wconf 84' lang='lat' dir='ltr'><strong>refellendi</strong></span> <span class='ocrx_word' id='word_1_94' title='bbox 669 1526 808 1622; x_wconf 86' lang='lat' dir='ltr'><strong>quodam</strong></span> <span class='ocrx_word' id='word_1_95' title='bbox 834 1525 943 1598; x_wconf 87' lang='lat' dir='ltr'><strong>studio</strong></span> <span class='ocrx_word' id='word_1_96' title='bbox 968 1521 1245 1621; x_wconf 77' lang='grc' dir='ltr'><em>ὑποβολὴν-οοο</em></span> <span class='ocrx_word' id='word_1_97' title='bbox 1267 1523 1308 1596; x_wconf 90' lang='lat' dir='ltr'><strong>da</strong></span> <span class='ocrx_word' id='word_1_98' title='bbox 1326 1525 1409 1598; x_wconf 82' lang='lat' dir='ltr'><strong>rho-</strong></span> 
     </span>
     <span class='ocr_line' id='line_1_13' title="bbox 291 1625 1408 1724; baseline -0.002 -24"><span class='ocrx_word' id='word_1_99' title='bbox 291 1626 410 1724; x_wconf 86' lang='lat' dir='ltr'><strong>psodia</strong></span> <span class='ocrx_word' id='word_1_100' title='bbox 434 1627 603 1723; x_wconf 83' lang='lat' dir='ltr'><strong>accepisse</strong></span> <span class='ocrx_word' id='word_1_101' title='bbox 635 1626 743 1700; x_wconf 89' lang='lat' dir='ltr'><strong>dictus</strong></span> <span class='ocrx_word' id='word_1_102' title='bbox 769 1652 860 1718; x_wconf 88' lang='lat' dir='ltr'><strong>sum,</strong></span> <span class='ocrx_word' id='word_1_103' title='bbox 895 1625 1060 1722; x_wconf 83' lang='lat' dir='ltr'><strong>Diogenis</strong></span> <span class='ocrx_word' id='word_1_104' title='bbox 1085 1627 1214 1716; x_wconf 88' lang='lat' dir='ltr'><strong>locum,</strong></span> <span class='ocrx_word' id='word_1_105' title='bbox 1251 1626 1349 1707; x_wconf 86' lang='lat' dir='ltr'><strong>etiam</strong></span> <span class='ocrx_word' id='word_1_106' title='bbox 1375 1627 1408 1698; x_wconf 91' lang='lat' dir='ltr'><strong>si</strong></span> 
     </span>
    </p>

    <p class='ocr_par' dir='ltr' id='par_1_12' title="bbox 168 1721 1407 1826">
     <span class='ocr_line' id='line_1_14' title="bbox 168 1721 1407 1826; baseline 0.002 -27"><span class='ocrx_word' id='word_1_107' title='bbox 168 1797 170 1808; x_wconf 76' lang='grc'>,</span> <span class='ocrx_word' id='word_1_108' title='bbox 291 1736 327 1800; x_wconf 91' lang='lat' dir='ltr'><strong>et</strong></span> <span class='ocrx_word' id='word_1_109' title='bbox 350 1721 523 1825; x_wconf 81' lang='lat' dir='ltr'><strong>scripserit</strong></span> <span class='ocrx_word' id='word_1_110' title='bbox 547 1729 606 1800; x_wconf 89' lang='lat' dir='ltr'><strong>ille</strong></span> <span class='ocrx_word' id='word_1_111' title='bbox 631 1729 670 1812; x_wconf 79' lang='grc' dir='ltr'><strong>ἐξ</strong></span> <span class='ocrx_word' id='word_1_112' title='bbox 689 1725 876 1824; x_wconf 77' lang='grc' dir='ltr'><em>ὑποβολῆς</em></span> <span class='ocrx_word' id='word_1_113' title='bbox 888 1727 926 1802; x_wconf 71' lang='grc' dir='ltr'><strong>ὀί</strong></span> <span class='ocrx_word' id='word_1_114' title='bbox 945 1727 980 1799; x_wconf 92' lang='lat' dir='ltr'><strong>id</strong></span> <span class='ocrx_word' id='word_1_115' title='bbox 997 1727 1231 1826; x_wconf 72' lang='lat' dir='ltr'><strong>emcipiemdo</strong></span> <span class='ocrx_word' id='word_1_116' title='bbox 1248 1729 1298 1800; x_wconf 85' lang='lat' dir='ltr'><strong>val</strong></span> <span class='ocrx_word' id='word_1_117' title='bbox 1317 1751 1407 1802; x_wconf 77' lang='lat' dir='ltr'><strong>aue·</strong></span> 
     </span>
    </p>

    <p class='ocr_par' dir='ltr' id='par_1_13' title="bbox 233 1828 1530 2255">
     <span class='ocr_line' id='line_1_15' title="bbox 233 1828 1412 1925; baseline 0 -23"><span class='ocrx_word' id='word_1_118' title='bbox 233 1861 236 1866; x_wconf 94' lang='lat'>·</span> <span class='ocrx_word' id='word_1_119' title='bbox 291 1828 462 1902; x_wconf 75' lang='lat' dir='ltr'><strong>cedendo</strong></span> <span class='ocrx_word' id='word_1_120' title='bbox 489 1853 562 1900; x_wconf 88' lang='lat' dir='ltr'><strong>esse</strong></span> <span class='ocrx_word' id='word_1_121' title='bbox 589 1831 748 1921; x_wconf 79' lang='lat' dir='ltr'><strong>voluerit,</strong></span> <span class='ocrx_word' id='word_1_122' title='bbox 789 1831 873 1902; x_wconf 85' lang='lat' dir='ltr'><strong>nihil</strong></span> <span class='ocrx_word' id='word_1_123' title='bbox 904 1829 946 1900; x_wconf 88' lang='lat' dir='ltr'><strong>ud</strong></span> <span class='ocrx_word' id='word_1_124' title='bbox 978 1852 1047 1901; x_wconf 90' lang='lat' dir='ltr'><strong>rem</strong></span> <span class='ocrx_word' id='word_1_125' title='bbox 1079 1828 1190 1902; x_wconf 83' lang='lat' dir='ltr'><strong>facere</strong></span> <span class='ocrx_word' id='word_1_126' title='bbox 1213 1829 1279 1900; x_wconf 87' lang='lat' dir='ltr'><strong>ium</strong></span> <span class='ocrx_word' id='word_1_127' title='bbox 1304 1851 1412 1925; x_wconf 72' lang='lat' dir='ltr'><strong>supra</strong></span> 
     </span>
     <span class='ocr_line' id='line_1_16' title="bbox 293 1928 1530 2026; baseline -0.004 -25"><span class='ocrx_word' id='word_1_128' title='bbox 293 1931 441 2020; x_wconf 83' lang='lat' dir='ltr'><strong>ostendi,</strong></span> <span class='ocrx_word' id='word_1_129' title='bbox 476 1928 632 2002; x_wconf 87' lang='lat' dir='ltr'><strong>Chiorum</strong></span> <span class='ocrx_word' id='word_1_130' title='bbox 660 1940 767 2002; x_wconf 84' lang='lat' dir='ltr'><strong>autem</strong></span> <span class='ocrx_word' id='word_1_131' title='bbox 798 1930 950 2004; x_wconf 87' lang='lat' dir='ltr'><strong>ludorum</strong></span> <span class='ocrx_word' id='word_1_132' title='bbox 975 1931 1129 2026; x_wconf 84' lang='lat' dir='ltr'><strong>analogia</strong></span> <span class='ocrx_word' id='word_1_133' title='bbox 1154 1929 1314 2003; x_wconf 86' lang='lat' dir='ltr'><strong>eiusmodi</strong></span> <span class='ocrx_word' id='word_1_134' title='bbox 1338 1941 1406 2020; x_wconf 79' lang='lat' dir='ltr'><strong>est,</strong></span> <span class='ocrx_word' id='word_1_135' title='bbox 1529 1937 1530 1996; x_wconf 78' lang='lat' dir='ltr'><strong>t</strong></span> 
     </span>
     <span class='ocr_line' id='line_1_17' title="bbox 284 2029 1407 2130; baseline 0.003 -29"><span class='ocrx_word' id='word_1_136' title='bbox 284 2035 330 2101; x_wconf 88' lang='lat' dir='ltr'><strong>‘ut</strong></span> <span class='ocrx_word' id='word_1_137' title='bbox 354 2037 550 2126; x_wconf 87' lang='lat' dir='ltr'><strong>propterca,</strong></span> <span class='ocrx_word' id='word_1_138' title='bbox 583 2030 671 2126; x_wconf 91' lang='lat' dir='ltr'><strong>quod</strong></span> <span class='ocrx_word' id='word_1_139' title='bbox 695 2031 729 2103; x_wconf 95' lang='lat' dir='ltr'><strong>in</strong></span> <span class='ocrx_word' id='word_1_140' title='bbox 756 2030 851 2104; x_wconf 84' lang='lat' dir='ltr'><strong>Chiis</strong></span> <span class='ocrx_word' id='word_1_141' title='bbox 877 2031 964 2102; x_wconf 91' lang='lat' dir='ltr'><strong>ludis</strong></span> <span class='ocrx_word' id='word_1_142' title='bbox 989 2029 1166 2130; x_wconf 75' lang='grc' dir='ltr'><strong><em>ῥαψῳδία</em></strong></span> <span class='ocrx_word' id='word_1_143' title='bbox 1191 2042 1328 2128; x_wconf 85' lang='lat' dir='ltr'><strong>sequuta</strong></span> <span class='ocrx_word' id='word_1_144' title='bbox 1353 2045 1407 2104; x_wconf 83' lang='lat' dir='ltr'><strong>est</strong></span> 
     </span>
     <span class='ocr_line' id='line_1_18' title="bbox 292 2127 1407 2255; baseline 0.002 -51"><span class='ocrx_word' id='word_1_145' title='bbox 292 2127 521 2255; x_wconf 61' lang='grc' dir='ltr'><strong>ἀνοίῳνιοσιν,</strong></span> <span class='ocrx_word' id='word_1_146' title='bbox 547 2132 581 2202; x_wconf 94' lang='lat' dir='ltr'><strong>in</strong></span> <span class='ocrx_word' id='word_1_147' title='bbox 608 2131 705 2204; x_wconf 85' lang='lat' dir='ltr'><strong>Teiis</strong></span> <span class='ocrx_word' id='word_1_148' title='bbox 732 2142 840 2205; x_wconf 85' lang='lat' dir='ltr'><strong>autern</strong></span> <span class='ocrx_word' id='word_1_149' title='bbox 866 2128 1083 2232; x_wconf 76' lang='grc' dir='ltr'><em>ἀνάγνωσιν</em></span> <span class='ocrx_word' id='word_1_150' title='bbox 1106 2134 1289 2230; x_wconf 85' lang='lat' dir='ltr'><strong>praecessit</strong></span> <span class='ocrx_word' id='word_1_151' title='bbox 1311 2131 1407 2208; x_wconf 81' lang='grc' dir='ltr'><em>ὑπο-</em></span> 
     </span>
    </p>

    <p class='ocr_par' dir='ltr' id='par_1_14' title="bbox 291 2228 1415 2536">
     <span class='ocr_line' id='line_1_19' title="bbox 291 2228 1406 2331; baseline 0.002 -25"><span class='ocrx_word' id='word_1_152' title='bbox 291 2231 385 2329; x_wconf 71' lang='lat' dir='ltr'><strong>(inim</strong></span> <span class='ocrx_word' id='word_1_153' title='bbox 411 2228 694 2318; x_wconf 78' lang='grc' dir='ltr'><strong>ἀνταποδόσειος</strong></span> <span class='ocrx_word' id='word_1_154' title='bbox 719 2235 827 2330; x_wconf 79' lang='lat' dir='ltr'><strong>(siue,</strong></span> <span class='ocrx_word' id='word_1_155' title='bbox 854 2243 891 2307; x_wconf 91' lang='lat' dir='ltr'><strong>ut</strong></span> <span class='ocrx_word' id='word_1_156' title='bbox 915 2233 1089 2308; x_wconf 89' lang='lat' dir='ltr'><strong>Bocckhio</strong></span> <span class='ocrx_word' id='word_1_157' title='bbox 1115 2234 1237 2331; x_wconf 86' lang='lat' dir='ltr'><strong>placet,</strong></span> <span class='ocrx_word' id='word_1_158' title='bbox 1263 2233 1406 2330; x_wconf 77' lang='grc' dir='ltr'><em>ὑποβο-</em></span> 
     </span>
     <span class='ocr_line' id='line_1_20' title="bbox 292 2329 1406 2432; baseline 0.004 -26"><span class='ocrx_word' id='word_1_159' title='bbox 292 2340 356 2430; x_wconf 75' lang='grc' dir='ltr'><strong>λῆς</strong></span> <span class='ocrx_word' id='word_1_160' title='bbox 381 2329 658 2426; x_wconf 81' lang='grc' dir='ltr'><strong>ἀνταπόδοσις),</strong></span> <span class='ocrx_word' id='word_1_161' title='bbox 685 2351 757 2432; x_wconf 82' lang='lat' dir='ltr'><strong>ego·</strong></span> <span class='ocrx_word' id='word_1_162' title='bbox 771 2360 810 2408; x_wconf 89' lang='lat' dir='ltr'><strong>eo</strong></span> <span class='ocrx_word' id='word_1_163' title='bbox 828 2335 1089 2410; x_wconf 90' lang='lat' dir='ltr'><strong>minusiudiccm</strong></span> <span class='ocrx_word' id='word_1_164' title='bbox 1114 2333 1304 2430; x_wconf 73' lang='grc' dir='ltr'><em>ὑποβολήν</em></span> <span class='ocrx_word' id='word_1_165' title='bbox 1317 2337 1406 2410; x_wconf 86' lang='lat' dir='ltr'><strong>idem</strong></span> 
     </span>
     <span class='ocr_line' id='line_1_21' title="bbox 291 2433 1415 2536; baseline -0.001 -28"><span class='ocrx_word' id='word_1_166' title='bbox 291 2460 366 2517; x_wconf 85' lang='lat' dir='ltr'><strong>esse</strong></span> <span class='ocrx_word' id='word_1_167' title='bbox 393 2434 479 2532; x_wconf 90' lang='lat' dir='ltr'><strong>quod</strong></span> <span class='ocrx_word' id='word_1_168' title='bbox 506 2433 725 2534; x_wconf 76' lang='grc' dir='ltr'><em>ῥαψῳδίαν,</em></span> <span class='ocrx_word' id='word_1_169' title='bbox 759 2437 866 2534; x_wconf 86' lang='lat' dir='ltr'><strong>qood,</strong></span> <span class='ocrx_word' id='word_1_170' title='bbox 901 2461 999 2536; x_wconf 87' lang='lat' dir='ltr'><strong>quum</strong></span> <span class='ocrx_word' id='word_1_171' title='bbox 1025 2439 1122 2509; x_wconf 82' lang='lat' dir='ltr'><strong>ctiam</strong></span> <span class='ocrx_word' id='word_1_172' title='bbox 1148 2438 1223 2509; x_wconf 86' lang='lat' dir='ltr'><strong>aliis</strong></span> <span class='ocrx_word' id='word_1_173' title='bbox 1250 2438 1415 2510; x_wconf 80' lang='lat' dir='ltr'><strong>certami-&#39;</strong></span> 
     </span>
    </p>

    <p class='ocr_par' dir='ltr' id='par_1_15' title="bbox 213 2529 1408 2840">
     <span class='ocr_line' id='line_1_22' title="bbox 213 2529 1408 2636; baseline -0.005 -26"><span class='ocrx_word' id='word_1_174' title='bbox 213 2623 216 2630; x_wconf 28' lang='grc' dir='ltr'>Ι</span> <span class='ocrx_word' id='word_1_175' title='bbox 290 2562 367 2610; x_wconf 91' lang='lat' dir='ltr'><strong>num</strong></span> <span class='ocrx_word' id='word_1_176' title='bbox 392 2529 567 2636; x_wconf 86' lang='lat' dir='ltr'><strong>generibus</strong></span> <span class='ocrx_word' id='word_1_177' title='bbox 592 2539 651 2610; x_wconf 86' lang='lat' dir='ltr'><strong>isti</strong></span> <span class='ocrx_word' id='word_1_178' title='bbox 674 2538 746 2610; x_wconf 87' lang='lat' dir='ltr'><strong>ludi</strong></span> <span class='ocrx_word' id='word_1_179' title='bbox 770 2538 858 2618; x_wconf 86' lang='lat' dir='ltr'><strong>inter</strong></span> <span class='ocrx_word' id='word_1_180' title='bbox 883 2565 919 2613; x_wconf 87' lang='lat' dir='ltr'><strong>se</strong></span> <span class='ocrx_word' id='word_1_181' title='bbox 946 2539 1067 2612; x_wconf 82' lang='lat' dir='ltr'><strong>diuersi</strong></span> <span class='ocrx_word' id='word_1_182' title='bbox 1087 2538 1221 2629; x_wconf 86' lang='lat' dir='ltr'><strong>fuerint,</strong></span> <span class='ocrx_word' id='word_1_183' title='bbox 1248 2538 1408 2611; x_wconf 72' lang='lat' dir='ltr'><strong>similitu..</strong></span> 
     </span>
     <span class='ocr_line' id='line_1_23' title="bbox 291 2639 1404 2738; baseline 0 -26"><span class='ocrx_word' id='word_1_184' title='bbox 291 2639 409 2734; x_wconf 89' lang='lat' dir='ltr'><strong>dinem</strong></span> <span class='ocrx_word' id='word_1_185' title='bbox 433 2639 544 2738; x_wconf 92' lang='lat' dir='ltr'><strong>potius</strong></span> <span class='ocrx_word' id='word_1_186' title='bbox 570 2640 732 2712; x_wconf 86' lang='lat' dir='ltr'><strong>recitandi</strong></span> <span class='ocrx_word' id='word_1_187' title='bbox 764 2648 799 2714; x_wconf 87' lang='lat' dir='ltr'><strong>at</strong></span> <span class='ocrx_word' id='word_1_188' title='bbox 831 2642 970 2714; x_wconf 84' lang='lat' dir='ltr'><strong>canendi</strong></span> <span class='ocrx_word' id='word_1_189' title='bbox 1002 2640 1213 2714; x_wconf 82' lang='lat' dir='ltr'><strong>certaminum</strong></span> <span class='ocrx_word' id='word_1_190' title='bbox 1239 2663 1404 2736; x_wconf 72' lang='lat' dir='ltr'><strong>agnosco,</strong></span> 
     </span>
     <span class='ocr_line' id='line_1_24' title="bbox 292 2738 1408 2840; baseline -0.003 -28"><span class='ocrx_word' id='word_1_191' title='bbox 292 2765 389 2838; x_wconf 83' lang='lat' dir='ltr'><strong>quarn</strong></span> <span class='ocrx_word' id='word_1_192' title='bbox 413 2751 451 2814; x_wconf 88' lang='lat' dir='ltr'><strong>ut</strong></span> <span class='ocrx_word' id='word_1_193' title='bbox 474 2738 665 2837; x_wconf 79' lang='grc' dir='ltr'><em>ὑποβολὴν</em></span> <span class='ocrx_word' id='word_1_194' title='bbox 697 2751 813 2815; x_wconf 87' lang='lat' dir='ltr'><strong>contra</strong></span> <span class='ocrx_word' id='word_1_195' title='bbox 844 2759 939 2840; x_wconf 85' lang='lat' dir='ltr'><strong>quam</strong></span> <span class='ocrx_word' id='word_1_196' title='bbox 971 2739 1046 2816; x_wconf 84' lang='lat' dir='ltr'><strong>ieri</strong></span> <span class='ocrx_word' id='word_1_197' title='bbox 1078 2743 1227 2838; x_wconf 87' lang='lat' dir='ltr'><strong>potuisse</strong></span> <span class='ocrx_word' id='word_1_198' title='bbox 1249 2741 1408 2837; x_wconf 76' lang='lat' dir='ltr'><strong>intelligo.</strong></span> 
     </span>
    </p>

    <p class='ocr_par' dir='ltr' id='par_1_16' title="bbox 243 2837 1530 3346">
     <span class='ocr_line' id='line_1_25' title="bbox 243 2837 1530 2942; baseline 0 -26"><span class='ocrx_word' id='word_1_199' title='bbox 243 2843 377 2916; x_wconf 89' lang='lat' dir='ltr'><strong>15idcm</strong></span> <span class='ocrx_word' id='word_1_200' title='bbox 393 2865 485 2942; x_wconf 75' lang='lat' dir='ltr'><strong>eum</strong></span> <span class='ocrx_word' id='word_1_201' title='bbox 517 2842 695 2938; x_wconf 87' lang='lat' dir='ltr'><strong>rhapsodia</strong></span> <span class='ocrx_word' id='word_1_202' title='bbox 725 2837 828 2916; x_wconf 80' lang='lat' dir='ltr'><strong>&#39;fuisso</strong></span> <span class='ocrx_word' id='word_1_203' title='bbox 861 2842 1018 2916; x_wconf 84' lang='lat' dir='ltr'><strong>adducor.</strong></span> <span class='ocrx_word' id='word_1_204' title='bbox 1076 2843 1165 2935; x_wconf 79' lang='lat' dir='ltr'><strong>Quin</strong></span> <span class='ocrx_word' id='word_1_205' title='bbox 1197 2844 1251 2914; x_wconf 86' lang='lat' dir='ltr'><strong>vel</strong></span> <span class='ocrx_word' id='word_1_206' title='bbox 1281 2867 1343 2940; x_wconf 89' lang='lat' dir='ltr'><strong>per</strong></span> <span class='ocrx_word' id='word_1_207' title='bbox 1367 2867 1405 2916; x_wconf 86' lang='lat' dir='ltr'><strong>se</strong></span> <span class='ocrx_word' id='word_1_208' title='bbox 1529 2847 1530 2930; x_wconf 63' lang='lat' dir='ltr'><strong>i</strong></span> 
     </span>
     <span class='ocr_line' id='line_1_26' title="bbox 290 2940 1530 3044; baseline 0.002 -27"><span class='ocrx_word' id='word_1_209' title='bbox 290 2967 428 3042; x_wconf 87' lang='lat' dir='ltr'><strong>prorsus</strong></span> <span class='ocrx_word' id='word_1_210' title='bbox 461 2967 525 3016; x_wconf 91' lang='lat' dir='ltr'><strong>non</strong></span> <span class='ocrx_word' id='word_1_211' title='bbox 557 2952 669 3040; x_wconf 86' lang='lat' dir='ltr'><strong>potest</strong></span> <span class='ocrx_word' id='word_1_212' title='bbox 694 2944 805 3036; x_wconf 87' lang='lat' dir='ltr'><strong>credi,</strong></span> <span class='ocrx_word' id='word_1_213' title='bbox 840 2968 938 3043; x_wconf 86' lang='lat' dir='ltr'><strong>quum</strong></span> <span class='ocrx_word' id='word_1_214' title='bbox 970 2940 1146 3040; x_wconf 90' lang='grc' dir='ltr'><strong><em>ῥαψῳδία</em></strong></span> <span class='ocrx_word' id='word_1_215' title='bbox 1171 2953 1416 3019; x_wconf 58' lang='lat' dir='ltr'><strong>nomenaessat·</strong></span> <span class='ocrx_word' id='word_1_216' title='bbox 1529 2949 1530 3044; x_wconf 20' lang='lat' dir='ltr'><strong>p</strong></span> 
     </span>
     <span class='ocr_line' id='line_1_27' title="bbox 289 3042 1405 3141; baseline 0.001 -24"><span class='ocrx_word' id='word_1_217' title='bbox 289 3047 325 3118; x_wconf 89' lang='lat' dir='ltr'><strong>in</strong></span> <span class='ocrx_word' id='word_1_218' title='bbox 352 3045 440 3117; x_wconf 91' lang='lat' dir='ltr'><strong>omni</strong></span> <span class='ocrx_word' id='word_1_219' title='bbox 466 3042 611 3117; x_wconf 84' lang='lat' dir='ltr'><strong>Graecia</strong></span> <span class='ocrx_word' id='word_1_220' title='bbox 635 3046 896 3136; x_wconf 86' lang='lat' dir='ltr'><strong>usitatissimum,</strong></span> <span class='ocrx_word' id='word_1_221' title='bbox 924 3045 1015 3117; x_wconf 87' lang='lat' dir='ltr'><strong>solos</strong></span> <span class='ocrx_word' id='word_1_222' title='bbox 1034 3044 1141 3118; x_wconf 83' lang='lat' dir='ltr'><strong>Teios</strong></span> <span class='ocrx_word' id='word_1_223' title='bbox 1168 3046 1255 3141; x_wconf 83' lang='lat' dir='ltr'><strong>quod</strong></span> <span class='ocrx_word' id='word_1_224' title='bbox 1280 3046 1405 3120; x_wconf 80' lang='lat' dir='ltr'><strong>caeteri</strong></span> 
     </span>
     <span class='ocr_line' id='line_1_28' title="bbox 290 3143 1404 3246; baseline 0.002 -28"><span class='ocrx_word' id='word_1_225' title='bbox 290 3143 491 3244; x_wconf 74' lang='grc' dir='ltr'><strong>ῥαψῳδίαν</strong></span> <span class='ocrx_word' id='word_1_226' title='bbox 515 3155 685 3240; x_wconf 85' lang='lat' dir='ltr'><strong>uocarent,</strong></span> <span class='ocrx_word' id='word_1_227' title='bbox 711 3147 912 3220; x_wconf 88' lang='lat' dir='ltr'><strong>alienissimo</strong></span> <span class='ocrx_word' id='word_1_228' title='bbox 939 3146 1099 3220; x_wconf 83' lang='lat' dir='ltr'><strong>uocabulo</strong></span> <span class='ocrx_word' id='word_1_229' title='bbox 1124 3143 1317 3246; x_wconf 74' lang='grc' dir='ltr'><em>ὑποβολὴν</em></span> <span class='ocrx_word' id='word_1_230' title='bbox 1342 3171 1404 3244; x_wconf 76' lang='lat' dir='ltr'><strong>up-</strong></span> 
     </span>
     <span class='ocr_line' id='line_1_29' title="bbox 290 3249 453 3346; baseline 0 -26"><span class='ocrx_word' id='word_1_231' title='bbox 290 3249 453 3346; x_wconf 86' lang='lat' dir='ltr'><strong>pellassc.</strong></span> 
     </span>
    </p>
   </div>
   <div class='ocr_carea' id='block_1_3' title="bbox 252 3395 1437 4006">
    <p class='ocr_par' dir='ltr' id='par_1_17' title="bbox 291 3395 1404 3594">
     <span class='ocr_line' id='line_1_30' title="bbox 303 3395 1404 3498; baseline 0 -26"><span class='ocrx_word' id='word_1_232' title='bbox 303 3412 305 3417; x_wconf 85' lang='grc'><strong><em>’</em></strong></span> <span class='ocrx_word' id='word_1_233' title='bbox 391 3400 487 3473; x_wconf 88' lang='lat' dir='ltr'><strong>Haec</strong></span> <span class='ocrx_word' id='word_1_234' title='bbox 513 3400 643 3498; x_wconf 87' lang='lat' dir='ltr'><strong>quidem</strong></span> <span class='ocrx_word' id='word_1_235' title='bbox 667 3401 838 3474; x_wconf 85' lang='lat' dir='ltr'><strong>hactenus.</strong></span> <span class='ocrx_word' id='word_1_236' title='bbox 888 3395 1018 3472; x_wconf 83' lang='lat' dir='ltr'><strong>Addam</strong></span> <span class='ocrx_word' id='word_1_237' title='bbox 1043 3401 1116 3493; x_wconf 89' lang='lat' dir='ltr'><strong>his,</strong></span> <span class='ocrx_word' id='word_1_238' title='bbox 1137 3401 1214 3472; x_wconf 72' lang='lat' dir='ltr'><strong>&#39;sive</strong></span> <span class='ocrx_word' id='word_1_239' title='bbox 1239 3399 1275 3472; x_wconf 97' lang='lat' dir='ltr'><strong>id</strong></span> <span class='ocrx_word' id='word_1_240' title='bbox 1301 3399 1404 3472; x_wconf 82' lang='lat' dir='ltr'><strong>reial-</strong></span> 
     </span>
     <span class='ocr_line' id='line_1_31' title="bbox 291 3501 1402 3594; baseline -0.001 -20"><span class='ocrx_word' id='word_1_241' title='bbox 291 3503 382 3576; x_wconf 88' lang='lat' dir='ltr'><strong>lendi</strong></span> <span class='ocrx_word' id='word_1_242' title='bbox 407 3503 536 3594; x_wconf 89' lang='lat' dir='ltr'><strong>studio,</strong></span> <span class='ocrx_word' id='word_1_243' title='bbox 563 3503 632 3574; x_wconf 86' lang='lat' dir='ltr'><strong>sivo</strong></span> <span class='ocrx_word' id='word_1_244' title='bbox 659 3512 696 3575; x_wconf 92' lang='lat' dir='ltr'><strong>ut</strong></span> <span class='ocrx_word' id='word_1_245' title='bbox 720 3503 825 3576; x_wconf 88' lang='lat' dir='ltr'><strong>arnico</strong></span> <span class='ocrx_word' id='word_1_246' title='bbox 851 3503 980 3574; x_wconf 84' lang='lat' dir='ltr'><strong>laudern</strong></span> <span class='ocrx_word' id='word_1_247' title='bbox 1007 3527 1099 3574; x_wconf 89' lang='lat' dir='ltr'><strong>suam</strong></span> <span class='ocrx_word' id='word_1_248' title='bbox 1124 3501 1306 3593; x_wconf 85' lang='lat' dir='ltr'><strong>vindicem,</strong></span> <span class='ocrx_word' id='word_1_249' title='bbox 1333 3503 1402 3573; x_wconf 88' lang='lat' dir='ltr'><strong>siue</strong></span> 
     </span>
    </p>

    <p class='ocr_par' dir='ltr' id='par_1_18' title="bbox 252 3604 1437 4006">
     <span class='ocr_line' id='line_1_32' title="bbox 252 3604 1403 3702; baseline -0.003 -24"><span class='ocrx_word' id='word_1_250' title='bbox 252 3616 257 3620; x_wconf 85' lang='grc'>’</span> <span class='ocrx_word' id='word_1_251' title='bbox 292 3630 483 3702; x_wconf 84' lang='lat' dir='ltr'><strong>quacunque</strong></span> <span class='ocrx_word' id='word_1_252' title='bbox 509 3604 637 3676; x_wconf 90' lang='lat' dir='ltr'><strong>demum</strong></span> <span class='ocrx_word' id='word_1_253' title='bbox 663 3628 781 3677; x_wconf 87' lang='lat' dir='ltr'><strong>caussa</strong></span> <span class='ocrx_word' id='word_1_254' title='bbox 805 3604 914 3678; x_wconf 85' lang='lat' dir='ltr'><strong>facero</strong></span> <span class='ocrx_word' id='word_1_255' title='bbox 940 3604 1094 3696; x_wconf 87' lang='lat' dir='ltr'><strong>videbor,</strong></span> <span class='ocrx_word' id='word_1_256' title='bbox 1131 3617 1237 3699; x_wconf 85' lang='lat' dir='ltr'><strong>pauca</strong></span> <span class='ocrx_word' id='word_1_257' title='bbox 1263 3604 1303 3676; x_wconf 88' lang='lat' dir='ltr'><strong>dc</strong></span> <span class='ocrx_word' id='word_1_258' title='bbox 1329 3605 1403 3699; x_wconf 87' lang='lat' dir='ltr'><strong>epi·</strong></span> 
     </span>
     <span class='ocr_line' id='line_1_33' title="bbox 291 3703 1403 3804; baseline -0.002 -26"><span class='ocrx_word' id='word_1_259' title='bbox 291 3716 483 3804; x_wconf 83' lang='lat' dir='ltr'><strong>grammate,</strong></span> <span class='ocrx_word' id='word_1_260' title='bbox 510 3706 605 3802; x_wconf 86' lang='lat' dir='ltr'><strong>quod</strong></span> <span class='ocrx_word' id='word_1_261' title='bbox 623 3706 657 3776; x_wconf 93' lang='lat' dir='ltr'><strong>in</strong></span> <span class='ocrx_word' id='word_1_262' title='bbox 684 3705 797 3778; x_wconf 89' lang='lat' dir='ltr'><strong>eadem</strong></span> <span class='ocrx_word' id='word_1_263' title='bbox 821 3707 883 3778; x_wconf 85' lang='lat' dir='ltr'><strong>ilia</strong></span> <span class='ocrx_word' id='word_1_264' title='bbox 906 3721 1001 3803; x_wconf 89' lang='lat' dir='ltr'><strong>parte</strong></span> <span class='ocrx_word' id='word_1_265' title='bbox 1027 3703 1187 3802; x_wconf 88' lang='lat' dir='ltr'><strong>Corporis</strong></span> <span class='ocrx_word' id='word_1_266' title='bbox 1204 3703 1403 3803; x_wconf 89' lang='lat' dir='ltr'><strong>Inscriptio·</strong></span> 
     </span>
     <span class='ocr_line' id='line_1_34' title="bbox 291 3804 1437 3904; baseline -0.002 -25"><span class='ocrx_word' id='word_1_267' title='bbox 291 3834 368 3879; x_wconf 91' lang='lat' dir='ltr'><strong>num</strong></span> <span class='ocrx_word' id='word_1_268' title='bbox 392 3833 428 3904; x_wconf 88' lang='lat' dir='ltr'><strong>p.</strong></span> <span class='ocrx_word' id='word_1_269' title='bbox 446 3811 534 3882; x_wconf 85' lang='grc'><strong>578.</strong></span> <span class='ocrx_word' id='word_1_270' title='bbox 559 3833 593 3878; x_wconf 90' lang='lat' dir='ltr'><strong>n.</strong></span> <span class='ocrx_word' id='word_1_271' title='bbox 608 3809 728 3882; x_wconf 69' lang='grc'><strong>2907.</strong></span> <span class='ocrx_word' id='word_1_272' title='bbox 748 3815 923 3880; x_wconf 87' lang='lat' dir='ltr'><strong>tractatum</strong></span> <span class='ocrx_word' id='word_1_273' title='bbox 948 3816 1012 3879; x_wconf 89' lang='lat' dir='ltr'><strong>est.</strong></span> <span class='ocrx_word' id='word_1_274' title='bbox 1062 3806 1230 3878; x_wconf 83' lang='lat' dir='ltr'><strong>Audacius</strong></span> <span class='ocrx_word' id='word_1_275' title='bbox 1254 3806 1401 3879; x_wconf 85' lang='lat' dir='ltr'><strong>idmona</strong></span> <span class='ocrx_word' id='word_1_276' title='bbox 1432 3804 1437 3822; x_wconf 76' lang='lat'><em>‘</em></span> 
     </span>
     <span class='ocr_line' id='line_1_35' title="bbox 292 3907 1400 4006; baseline -0.003 -25"><span class='ocrx_word' id='word_1_277' title='bbox 292 3932 352 3981; x_wconf 93' lang='lat' dir='ltr'><strong>suo</strong></span> <span class='ocrx_word' id='word_1_278' title='bbox 380 3918 572 3980; x_wconf 84' lang='lat' dir='ltr'><strong>correxerat</strong></span> <span class='ocrx_word' id='word_1_279' title='bbox 595 3908 786 3980; x_wconf 81' lang='lat' dir='ltr'><strong>Branchins</strong></span> <span class='ocrx_word' id='word_1_280' title='bbox 818 3910 855 3979; x_wconf 92' lang='lat' dir='ltr'><strong>in</strong></span> <span class='ocrx_word' id='word_1_281' title='bbox 879 3907 1018 3980; x_wconf 89' lang='lat' dir='ltr'><strong>Adnott.</strong></span> <span class='ocrx_word' id='word_1_282' title='bbox 1052 3908 1093 3980; x_wconf 89' lang='lat' dir='ltr'><strong>ad</strong></span> <span class='ocrx_word' id='word_1_283' title='bbox 1118 3908 1217 3979; x_wconf 86' lang='lat' dir='ltr'><strong>Anal.</strong></span> <span class='ocrx_word' id='word_1_284' title='bbox 1251 3934 1286 4006; x_wconf 90' lang='lat' dir='ltr'><strong>p.</strong></span> <span class='ocrx_word' id='word_1_285' title='bbox 1314 3911 1400 3982; x_wconf 83' lang='grc'><strong>288.</strong></span> 
     </span>
    </p>
   </div>
   <div class='ocr_carea' id='block_1_4' title="bbox 40 3995 1401 4205">
    <p class='ocr_par' dir='ltr' id='par_1_19' title="bbox 40 3995 1401 4205">
     <span class='ocr_line' id='line_1_36' title="bbox 40 3995 1401 4110; baseline -0.001 -28"><span class='ocrx_word' id='word_1_286' title='bbox 40 4057 42 4066; x_wconf 53' lang='lat'>1</span> <span class='ocrx_word' id='word_1_287' title='bbox 89 4073 94 4092; x_wconf 88' lang='grc'>,</span> <span class='ocrx_word' id='word_1_288' title='bbox 150 4043 152 4046; x_wconf 95' lang='grc'><strong><em>·</em></strong></span> <span class='ocrx_word' id='word_1_289' title='bbox 291 3995 624 4082; x_wconf 80' lang='lat' dir='ltr'><strong>modostelacohsius</strong></span> <span class='ocrx_word' id='word_1_290' title='bbox 639 4011 674 4082; x_wconf 95' lang='lat' dir='ltr'><strong>in</strong></span> <span class='ocrx_word' id='word_1_291' title='bbox 690 4009 997 4106; x_wconf 81' lang='lat' dir='ltr'><strong>AppendAnthol.</strong></span> <span class='ocrx_word' id='word_1_292' title='bbox 1015 3997 1091 4082; x_wconf 82' lang='lat' dir='ltr'><strong>Pal.</strong></span> <span class='ocrx_word' id='word_1_293' title='bbox 1106 4035 1142 4110; x_wconf 85' lang='lat' dir='ltr'><strong>p.</strong></span> <span class='ocrx_word' id='word_1_294' title='bbox 1157 4010 1245 4084; x_wconf 83' lang='grc'><strong>875.</strong></span> <span class='ocrx_word' id='word_1_295' title='bbox 1263 4034 1298 4081; x_wconf 93' lang='lat' dir='ltr'><strong>n.</strong></span> <span class='ocrx_word' id='word_1_296' title='bbox 1314 4011 1401 4086; x_wconf 80' lang='lat'><strong>376.</strong></span> 
     </span>
     <span class='ocr_line' id='line_1_37' title="bbox 292 4108 1179 4205; baseline 0 -21"><span class='ocrx_word' id='word_1_297' title='bbox 292 4110 358 4184; x_wconf 87' lang='lat' dir='ltr'><strong>Est</strong></span> <span class='ocrx_word' id='word_1_298' title='bbox 383 4119 490 4182; x_wconf 82' lang='lat' dir='ltr'><strong>autem</strong></span> <span class='ocrx_word' id='word_1_299' title='bbox 516 4111 593 4205; x_wconf 85' lang='lat' dir='ltr'><strong>hoc,</strong></span> <span class='ocrx_word' id='word_1_300' title='bbox 619 4136 663 4183; x_wconf 81' lang='lat' dir='ltr'><strong>ex</strong></span> <span class='ocrx_word' id='word_1_301' title='bbox 687 4135 780 4183; x_wconf 90' lang='lat' dir='ltr'><strong>moro</strong></span> <span class='ocrx_word' id='word_1_302' title='bbox 806 4111 896 4184; x_wconf 79' lang='lat' dir='ltr'><strong>urhis</strong></span> <span class='ocrx_word' id='word_1_303' title='bbox 921 4108 1083 4184; x_wconf 66' lang='lat' dir='ltr'><strong>Prienaee</strong></span> <span class='ocrx_word' id='word_1_304' title='bbox 1178 4125 1179 4132; x_wconf 78' lang='grc'>’</span> 
     </span>
    </p>
   </div>
   <div class='ocr_carea' id='block_1_5' title="bbox 388 4255 1440 4463">
    <p class='ocr_par' dir='ltr' id='par_1_20' title="bbox 388 4255 1440 4463">
     <span class='ocr_line' id='line_1_38' title="bbox 388 4255 1440 4365; baseline 0 -29"><span class='ocrx_word' id='word_1_305' title='bbox 388 4257 575 4358; x_wconf 78' lang='grc' dir='ltr'><strong>Ὑπνοίδης</strong></span> <span class='ocrx_word' id='word_1_306' title='bbox 601 4258 742 4350; x_wconf 78' lang='grc' dir='ltr'><strong>Φίλιος,</strong></span> <span class='ocrx_word' id='word_1_307' title='bbox 767 4255 931 4361; x_wconf 78' lang='grc' dir='ltr'><em>Κύπριος</em></span> <span class='ocrx_word' id='word_1_308' title='bbox 953 4262 1059 4365; x_wconf 75' lang='grc' dir='ltr'><em>γένος</em></span> <span class='ocrx_word' id='word_1_309' title='bbox 1083 4263 1124 4338; x_wconf 81' lang='grc' dir='ltr'><strong>ἐκ</strong></span> <span class='ocrx_word' id='word_1_310' title='bbox 1146 4257 1377 4362; x_wconf 77' lang='grc' dir='ltr'><strong>Σαλαμῖνος,</strong></span> <span class='ocrx_word' id='word_1_311' title='bbox 1437 4339 1440 4346; x_wconf 14' lang='grc' dir='ltr'>λ</span> 
     </span>
     <span class='ocr_line' id='line_1_39' title="bbox 407 4361 1215 4463; baseline 0 -23"><span class='ocrx_word' id='word_1_312' title='bbox 407 4441 413 4448; x_wconf 78' lang='grc'><em>,</em></span> <span class='ocrx_word' id='word_1_313' title='bbox 467 4362 548 4448; x_wconf 79' lang='grc' dir='ltr'><strong><em>υίὸς</em></strong></span> <span class='ocrx_word' id='word_1_314' title='bbox 573 4362 775 4440; x_wconf 68' lang='lat' dir='ltr'><strong>enormem</strong></span> <span class='ocrx_word' id='word_1_315' title='bbox 799 4361 1083 4444; x_wconf 63' lang='lat' dir='ltr'><strong>&amp;arennoaldo</strong></span> <span class='ocrx_word' id='word_1_316' title='bbox 1108 4364 1215 4463; x_wconf 77' lang='grc' dir='ltr'><strong><em>ὄναρ,</em></strong></span> 
     </span>
    </p>
   </div>
   <div class='ocr_carea' id='block_1_6' title="bbox 0 0 1546 5044">
    <p class='ocr_par' dir='ltr' id='par_1_21' title="bbox 0 0 1546 5044">
     <span class='ocr_line' id='line_1_40' title="bbox 0 0 1546 5044; baseline 0 0"><span class='ocrx_word' id='word_1_317' title='bbox 0 0 1546 5044; x_wconf 95' lang='lat' dir='ltr'><strong> </strong></span> 
     </span>
    </p>
   </div>
  </div>
 </body>
</html>
