<?xml version="1.0" encoding="UTF-8"?>
<!DOCTYPE html PUBLIC "-//W3C//DTD XHTML 1.0 Transitional//EN"
    "http://www.w3.org/TR/xhtml1/DTD/xhtml1-transitional.dtd">
<html xmlns="http://www.w3.org/1999/xhtml" xml:lang="en" lang="en">
 <head>
  <title>
</title>
<meta http-equiv="Content-Type" content="text/html;charset=utf-8" />
  <meta name='ocr-system' content='tesseract 3.04.00' />
  <meta name='ocr-capabilities' content='ocr_page ocr_carea ocr_par ocr_line ocrx_word'/>
</head>
<body>
  <div class='ocr_page' id='page_1' title='image "./opuscula05hermgoog/opuscula05hermgoog_0311.png"; bbox 0 0 3070 5048; ppageno 0'>
   <div class='ocr_carea' id='block_1_1' title="bbox 209 325 1110 450">
    <p class='ocr_par' dir='ltr' id='par_1_1' title="bbox 209 325 1110 450">
     <span class='ocr_line' id='line_1_1' title="bbox 209 325 1110 450; baseline -0.011 1"><span class='ocrx_word' id='word_1_1' title='bbox 209 327 210 335; x_wconf 55' lang='lat'>¹</span> <span class='ocrx_word' id='word_1_2' title='bbox 306 375 371 450; x_wconf 64' lang='grc' dir='ltr'><strong>Μ</strong></span> <span class='ocrx_word' id='word_1_3' title='bbox 626 325 676 444; x_wconf 64' lang='lat' dir='ltr'><strong>BA</strong></span> <span class='ocrx_word' id='word_1_4' title='bbox 697 379 1110 444; x_wconf 63' lang='lat' dir='ltr'><strong>renumerantur„</strong></span> 
     </span>
    </p>
   </div>
   <div class='ocr_carea' id='block_1_2' title="bbox 82 537 1483 3285">
    <p class='ocr_par' dir='ltr' id='par_1_2' title="bbox 306 537 1421 648">
     <span class='ocr_line' id='line_1_2' title="bbox 306 537 1421 648; baseline -0.006 -24"><span class='ocrx_word' id='word_1_5' title='bbox 306 545 475 648; x_wconf 81' lang='lat' dir='ltr'><strong>signatur:</strong></span> <span class='ocrx_word' id='word_1_6' title='bbox 512 549 568 646; x_wconf 88' lang='lat' dir='ltr'><strong>qui</strong></span> <span class='ocrx_word' id='word_1_7' title='bbox 600 545 683 622; x_wconf 76' lang='lat' dir='ltr'><strong>r&#39;ero</strong></span> <span class='ocrx_word' id='word_1_8' title='bbox 713 551 781 623; x_wconf 88' lang='lat' dir='ltr'><strong>sint</strong></span> <span class='ocrx_word' id='word_1_9' title='bbox 811 537 870 622; x_wconf 82' lang='lat' dir='ltr'><strong>isli</strong></span> <span class='ocrx_word' id='word_1_10' title='bbox 895 546 1105 645; x_wconf 76' lang='lat' dir='ltr'><strong>Hyperborei</strong></span> <span class='ocrx_word' id='word_1_11' title='bbox 1129 543 1274 621; x_wconf 75' lang='lat' dir='ltr'><strong>murium</strong></span> <span class='ocrx_word' id='word_1_12' title='bbox 1299 565 1345 618; x_wconf 78' lang='lat' dir='ltr'><strong>cx</strong></span> <span class='ocrx_word' id='word_1_13' title='bbox 1369 545 1421 618; x_wconf 62' lang='grc' dir='ltr'><strong>ΥΒ</strong></span> 
     </span>
    </p>

    <p class='ocr_par' dir='ltr' id='par_1_3' title="bbox 305 643 1424 750">
     <span class='ocr_line' id='line_1_3' title="bbox 305 643 1424 750; baseline -0.005 -26"><span class='ocrx_word' id='word_1_14' title='bbox 305 651 519 750; x_wconf 70' lang='lat' dir='ltr'><strong>perspicitur.</strong></span> <span class='ocrx_word' id='word_1_15' title='bbox 569 649 669 742; x_wconf 78' lang='lat' dir='ltr'><strong>Quotl</strong></span> <span class='ocrx_word' id='word_1_16' title='bbox 694 651 725 724; x_wconf 89' lang='lat' dir='ltr'><strong>si</strong></span> <span class='ocrx_word' id='word_1_17' title='bbox 750 659 876 724; x_wconf 91' lang='lat' dir='ltr'><strong>certum</strong></span> <span class='ocrx_word' id='word_1_18' title='bbox 902 658 1011 742; x_wconf 87' lang='lat' dir='ltr'><strong>esset,</strong></span> <span class='ocrx_word' id='word_1_19' title='bbox 1037 647 1127 746; x_wconf 86' lang='lat' dir='ltr'><strong>quod</strong></span> <span class='ocrx_word' id='word_1_20' title='bbox 1150 643 1345 744; x_wconf 77' lang='lat' dir='ltr'><strong>quibusdam</strong></span> <span class='ocrx_word' id='word_1_21' title='bbox 1372 648 1424 718; x_wconf 81' lang='lat' dir='ltr'><strong>ui·</strong></span> 
     </span>
    </p>

    <p class='ocr_par' dir='ltr' id='par_1_4' title="bbox 308 745 1423 848">
     <span class='ocr_line' id='line_1_4' title="bbox 308 745 1423 848; baseline -0.004 -21"><span class='ocrx_word' id='word_1_22' title='bbox 308 754 416 844; x_wconf 80' lang='lat' dir='ltr'><strong>detur,</strong></span> <span class='ocrx_word' id='word_1_23' title='bbox 442 752 657 826; x_wconf 88' lang='lat' dir='ltr'><strong>Doricusiuru</strong></span> <span class='ocrx_word' id='word_1_24' title='bbox 682 753 803 826; x_wconf 84' lang='lat' dir='ltr'><strong>tribum</strong></span> <span class='ocrx_word' id='word_1_25' title='bbox 827 751 1018 848; x_wconf 78' lang='lat' dir='ltr'><strong>Hylleiolem</strong></span> <span class='ocrx_word' id='word_1_26' title='bbox 1044 749 1208 848; x_wconf 79' lang='lat' dir='ltr'><strong>quondam</strong></span> <span class='ocrx_word' id='word_1_27' title='bbox 1232 745 1423 844; x_wconf 77' lang='lat' dir='ltr'><strong>iuIllyrico</strong></span> 
     </span>
    </p>

    <p class='ocr_par' dir='ltr' id='par_1_5' title="bbox 259 847 1424 952">
     <span class='ocr_line' id='line_1_5' title="bbox 259 847 1424 952; baseline 0.002 -30"><span class='ocrx_word' id='word_1_28' title='bbox 259 847 511 950; x_wconf 71' lang='lat' dir='ltr'><strong>loconsedisso,</strong></span> <span class='ocrx_word' id='word_1_29' title='bbox 538 863 628 928; x_wconf 87' lang='lat' dir='ltr'><strong>certe</strong></span> <span class='ocrx_word' id='word_1_30' title='bbox 653 856 791 952; x_wconf 83' lang='lat' dir='ltr'><strong>propius</strong></span> <span class='ocrx_word' id='word_1_31' title='bbox 809 853 1098 952; x_wconf 76' lang='lat' dir='ltr'><strong>septemtrionibus</strong></span> <span class='ocrx_word' id='word_1_32' title='bbox 1114 850 1344 924; x_wconf 73' lang='lat' dir='ltr'><strong>admoneretur</strong></span> <span class='ocrx_word' id='word_1_33' title='bbox 1369 850 1424 924; x_wconf 88' lang='lat' dir='ltr'><strong>hic</strong></span> 
     </span>
    </p>

    <p class='ocr_par' dir='ltr' id='par_1_6' title="bbox 305 949 1424 1054">
     <span class='ocr_line' id='line_1_6' title="bbox 305 949 1424 1054; baseline -0.004 -25"><span class='ocrx_word' id='word_1_34' title='bbox 305 957 520 1030; x_wconf 83' lang='lat' dir='ltr'><strong>Dorionsium</strong></span> <span class='ocrx_word' id='word_1_35' title='bbox 547 955 639 1028; x_wconf 83' lang='lat' dir='ltr'><strong>leus.</strong></span> <span class='ocrx_word' id='word_1_36' title='bbox 656 957 693 1054; x_wconf 71' lang='lat' dir='ltr'><strong>*t</strong></span> <span class='ocrx_word' id='word_1_37' title='bbox 744 955 860 1028; x_wconf 79' lang='lat' dir='ltr'><strong>Nihilo</strong></span> <span class='ocrx_word' id='word_1_38' title='bbox 886 963 995 1028; x_wconf 88' lang='lat' dir='ltr'><strong>tamen</strong></span> <span class='ocrx_word' id='word_1_39' title='bbox 1019 954 1143 1028; x_wconf 85' lang='lat' dir='ltr'><strong>certior</strong></span> <span class='ocrx_word' id='word_1_40' title='bbox 1156 949 1332 1024; x_wconf 86' lang='lat' dir='ltr'><strong>Niebuhrii</strong></span> <span class='ocrx_word' id='word_1_41' title='bbox 1348 953 1424 1050; x_wconf 85' lang='lat' dir='ltr'><strong>opi-</strong></span> 
     </span>
    </p>

    <p class='ocr_par' dir='ltr' id='par_1_7' title="bbox 177 1053 1423 1154">
     <span class='ocr_line' id='line_1_7' title="bbox 177 1053 1423 1154; baseline -0.003 -22"><span class='ocrx_word' id='word_1_42' title='bbox 177 1121 184 1146; x_wconf 23' lang='lat'><strong>*</strong></span> <span class='ocrx_word' id='word_1_43' title='bbox 305 1061 361 1132; x_wconf 93' lang='lat' dir='ltr'><strong>uio</strong></span> <span class='ocrx_word' id='word_1_44' title='bbox 387 1067 452 1150; x_wconf 88' lang='lat' dir='ltr'><strong>ost,</strong></span> <span class='ocrx_word' id='word_1_45' title='bbox 478 1058 600 1153; x_wconf 82' lang='lat' dir='ltr'><strong>Hyllos</strong></span> <span class='ocrx_word' id='word_1_46' title='bbox 627 1081 757 1154; x_wconf 79' lang='lat' dir='ltr'><strong>quoquo</strong></span> <span class='ocrx_word' id='word_1_47' title='bbox 782 1058 817 1129; x_wconf 89' lang='lat' dir='ltr'><strong>iu</strong></span> <span class='ocrx_word' id='word_1_48' title='bbox 843 1056 998 1153; x_wconf 74' lang='lat' dir='ltr'><strong>Pelasgis</strong></span> <span class='ocrx_word' id='word_1_49' title='bbox 1023 1054 1240 1129; x_wconf 81' lang='lat' dir='ltr'><strong>numerantis.</strong></span> <span class='ocrx_word' id='word_1_50' title='bbox 1272 1053 1423 1128; x_wconf 63' lang='lat' dir='ltr'><strong>:Tenuis</strong></span> 
     </span>
    </p>

    <p class='ocr_par' dir='ltr' id='par_1_8' title="bbox 305 1154 1423 1256">
     <span class='ocr_line' id='line_1_8' title="bbox 305 1154 1423 1256; baseline -0.001 -24"><span class='ocrx_word' id='word_1_51' title='bbox 305 1161 392 1232; x_wconf 85' lang='lat' dir='ltr'><strong>iarna</strong></span> <span class='ocrx_word' id='word_1_52' title='bbox 417 1169 489 1251; x_wconf 87' lang='lat' dir='ltr'><strong>est,</strong></span> <span class='ocrx_word' id='word_1_53' title='bbox 523 1168 654 1233; x_wconf 82' lang='lat' dir='ltr'><strong>servata</strong></span> <span class='ocrx_word' id='word_1_54' title='bbox 679 1160 719 1230; x_wconf 90' lang='lat' dir='ltr'><strong>ah</strong></span> <span class='ocrx_word' id='word_1_55' title='bbox 744 1159 926 1256; x_wconf 89' lang='lat' dir='ltr'><strong>Apollonio</strong></span> <span class='ocrx_word' id='word_1_56' title='bbox 952 1157 1087 1231; x_wconf 86' lang='lat' dir='ltr'><strong>Rhodio</strong></span> <span class='ocrx_word' id='word_1_57' title='bbox 1112 1154 1181 1228; x_wconf 88' lang='lat' dir='ltr'><strong>lv.</strong></span> <span class='ocrx_word' id='word_1_58' title='bbox 1207 1155 1296 1230; x_wconf 76' lang='lat'><strong>529.</strong></span> <span class='ocrx_word' id='word_1_59' title='bbox 1328 1179 1423 1252; x_wconf 84' lang='lat' dir='ltr'><strong>seqq.</strong></span> 
     </span>
    </p>

    <p class='ocr_par' dir='ltr' id='par_1_9' title="bbox 305 1255 1422 1358">
     <span class='ocr_line' id='line_1_9' title="bbox 305 1255 1422 1358; baseline -0.005 -23"><span class='ocrx_word' id='word_1_60' title='bbox 305 1257 427 1335; x_wconf 80' lang='lat' dir='ltr'><strong>Iuricti</strong></span> <span class='ocrx_word' id='word_1_61' title='bbox 454 1262 541 1334; x_wconf 90' lang='lat' dir='ltr'><strong>enim</strong></span> <span class='ocrx_word' id='word_1_62' title='bbox 567 1284 640 1333; x_wconf 89' lang='lat' dir='ltr'><strong>esse</strong></span> <span class='ocrx_word' id='word_1_63' title='bbox 670 1262 869 1358; x_wconf 85' lang='lat' dir='ltr'><strong>putabantur</strong></span> <span class='ocrx_word' id='word_1_64' title='bbox 901 1259 1034 1332; x_wconf 77' lang='lat' dir='ltr'><strong>defosso</strong></span> <span class='ocrx_word' id='word_1_65' title='bbox 1066 1257 1154 1355; x_wconf 89' lang='lat' dir='ltr'><strong>apud</strong></span> <span class='ocrx_word' id='word_1_66' title='bbox 1186 1281 1246 1330; x_wconf 86' lang='lat' dir='ltr'><strong>eos</strong></span> <span class='ocrx_word' id='word_1_67' title='bbox 1277 1255 1422 1358; x_wconf 82' lang='lat' dir='ltr'><strong>tripula,</strong></span> 
     </span>
    </p>

    <p class='ocr_par' dir='ltr' id='par_1_10' title="bbox 82 1357 1424 1461">
     <span class='ocr_line' id='line_1_10' title="bbox 82 1357 1424 1461; baseline -0.004 -23"><span class='ocrx_word' id='word_1_68' title='bbox 82 1391 85 1400; x_wconf 88' lang='lat'>·</span> <span class='ocrx_word' id='word_1_69' title='bbox 166 1407 170 1422; x_wconf 87' lang='lat'><strong>·</strong></span> <span class='ocrx_word' id='word_1_70' title='bbox 305 1361 402 1461; x_wconf 82' lang='lat' dir='ltr'><strong>quem</strong></span> <span class='ocrx_word' id='word_1_71' title='bbox 426 1363 570 1460; x_wconf 81' lang='lat' dir='ltr'><strong>Delphis</strong></span> <span class='ocrx_word' id='word_1_72' title='bbox 595 1361 697 1435; x_wconf 90' lang='lat' dir='ltr'><strong>Iason</strong></span> <span class='ocrx_word' id='word_1_73' title='bbox 723 1361 921 1458; x_wconf 83' lang='lat' dir='ltr'><strong>accepisset.</strong></span> <span class='ocrx_word' id='word_1_74' title='bbox 971 1359 1095 1456; x_wconf 79' lang='lat' dir='ltr'><strong>Utique</strong></span> <span class='ocrx_word' id='word_1_75' title='bbox 1121 1360 1151 1432; x_wconf 91' lang='lat' dir='ltr'><strong>si</strong></span> <span class='ocrx_word' id='word_1_76' title='bbox 1164 1357 1424 1458; x_wconf 75' lang='lat' dir='ltr'><strong>,ex-Hyperbo-</strong></span> 
     </span>
    </p>

    <p class='ocr_par' dir='ltr' id='par_1_11' title="bbox 305 1460 1423 1561">
     <span class='ocr_line' id='line_1_11' title="bbox 305 1460 1423 1561; baseline -0.003 -24"><span class='ocrx_word' id='word_1_77' title='bbox 305 1467 374 1538; x_wconf 87' lang='lat' dir='ltr'><strong>reis</strong></span> <span class='ocrx_word' id='word_1_78' title='bbox 400 1475 496 1537; x_wconf 84' lang='lat' dir='ltr'><strong>soor&#39;a</strong></span> <span class='ocrx_word' id='word_1_79' title='bbox 520 1463 690 1561; x_wconf 82' lang='lat' dir='ltr'><strong>Apollinis</strong></span> <span class='ocrx_word' id='word_1_80' title='bbox 714 1465 751 1538; x_wconf 91' lang='lat' dir='ltr'><strong>iu</strong></span> <span class='ocrx_word' id='word_1_81' title='bbox 776 1461 955 1537; x_wconf 77' lang='lat' dir='ltr'><strong>Graeciam</strong></span> <span class='ocrx_word' id='word_1_82' title='bbox 980 1463 1142 1536; x_wconf 69' lang='lat' dir='ltr'><strong>mamiato</strong></span> <span class='ocrx_word' id='word_1_83' title='bbox 1167 1460 1341 1550; x_wconf 72' lang='lat' dir='ltr'><strong>homme,</strong></span> <span class='ocrx_word' id='word_1_84' title='bbox 1366 1461 1423 1534; x_wconf 77' lang='lat' dir='ltr'><strong>vix</strong></span> 
     </span>
    </p>

    <p class='ocr_par' dir='ltr' id='par_1_12' title="bbox 304 1561 1422 1662">
     <span class='ocr_line' id='line_1_12' title="bbox 304 1561 1422 1662; baseline -0.005 -22"><span class='ocrx_word' id='word_1_85' title='bbox 304 1567 341 1640; x_wconf 79' lang='lat' dir='ltr'><strong>ul</strong></span> <span class='ocrx_word' id='word_1_86' title='bbox 366 1567 465 1640; x_wconf 86' lang='lat' dir='ltr'><strong>eliter</strong></span> <span class='ocrx_word' id='word_1_87' title='bbox 488 1566 633 1662; x_wconf 78' lang='lat' dir='ltr'><strong>intelligi</strong></span> <span class='ocrx_word' id='word_1_88' title='bbox 657 1574 788 1662; x_wconf 86' lang='lat' dir='ltr'><strong>potest,</strong></span> <span class='ocrx_word' id='word_1_89' title='bbox 815 1588 913 1662; x_wconf 85' lang='lat' dir='ltr'><strong>quom</strong></span> <span class='ocrx_word' id='word_1_90' title='bbox 936 1571 1112 1662; x_wconf 72' lang='lat' dir='ltr'><strong>apportata</strong></span> <span class='ocrx_word' id='word_1_91' title='bbox 1137 1585 1213 1638; x_wconf 81' lang='lat' dir='ltr'><strong>esec</strong></span> <span class='ocrx_word' id='word_1_92' title='bbox 1237 1586 1282 1635; x_wconf 84' lang='lat' dir='ltr'><strong>eu</strong></span> <span class='ocrx_word' id='word_1_93' title='bbox 1306 1561 1422 1659; x_wconf 78' lang='lat' dir='ltr'><strong>ignoto</strong></span> 
     </span>
    </p>

    <p class='ocr_par' dir='ltr' id='par_1_13' title="bbox 305 1663 1423 1765">
     <span class='ocr_line' id='line_1_13' title="bbox 305 1663 1423 1765; baseline -0.003 -26"><span class='ocrx_word' id='word_1_94' title='bbox 305 1679 425 1741; x_wconf 73' lang='lat' dir='ltr'><strong>versus</strong></span> <span class='ocrx_word' id='word_1_95' title='bbox 448 1669 715 1765; x_wconf 76' lang='lat' dir='ltr'><strong>septemtrionem</strong></span> <span class='ocrx_word' id='word_1_96' title='bbox 732 1675 841 1740; x_wconf 85' lang='lat' dir='ltr'><strong>tractu</strong></span> <span class='ocrx_word' id='word_1_97' title='bbox 857 1674 1030 1738; x_wconf 88' lang='lat' dir='ltr'><strong>terrarum.</strong></span> <span class='ocrx_word' id='word_1_98' title='bbox 1049 1691 1051 1700; x_wconf 94' lang='lat'>·</span> <span class='ocrx_word' id='word_1_99' title='bbox 1082 1663 1158 1756; x_wconf 76' lang='lat' dir='ltr'><strong>Qua</strong></span> <span class='ocrx_word' id='word_1_100' title='bbox 1181 1687 1259 1739; x_wconf 84' lang='lat' dir='ltr'><strong>vcro</strong></span> <span class='ocrx_word' id='word_1_101' title='bbox 1276 1687 1321 1736; x_wconf 77' lang='lat' dir='ltr'><strong>eu</strong></span> <span class='ocrx_word' id='word_1_102' title='bbox 1334 1671 1423 1738; x_wconf 85' lang='lat' dir='ltr'><strong>terro</strong></span> 
     </span>
    </p>

    <p class='ocr_par' dir='ltr' id='par_1_14' title="bbox 204 1765 1422 1861">
     <span class='ocr_line' id='line_1_14' title="bbox 204 1765 1422 1861; baseline -0.004 -18"><span class='ocrx_word' id='word_1_103' title='bbox 204 1793 207 1803; x_wconf 68' lang='lat'><strong>¹</strong></span> <span class='ocrx_word' id='word_1_104' title='bbox 305 1771 408 1842; x_wconf 80' lang='lat' dir='ltr'><strong>allata</strong></span> <span class='ocrx_word' id='word_1_105' title='bbox 442 1793 516 1844; x_wconf 84' lang='lat' dir='ltr'><strong>essa</strong></span> <span class='ocrx_word' id='word_1_106' title='bbox 552 1769 785 1860; x_wconf 87' lang='lat' dir='ltr'><strong>coniiciumus,</strong></span> <span class='ocrx_word' id='word_1_107' title='bbox 827 1768 911 1840; x_wconf 90' lang='lat' dir='ltr'><strong>nihil</strong></span> <span class='ocrx_word' id='word_1_108' title='bbox 943 1767 1099 1839; x_wconf 87' lang='lat' dir='ltr'><strong>hahemus</strong></span> <span class='ocrx_word' id='word_1_109' title='bbox 1133 1765 1224 1838; x_wconf 86' lang='lat' dir='ltr'><strong>aliud</strong></span> <span class='ocrx_word' id='word_1_110' title='bbox 1259 1789 1359 1861; x_wconf 79' lang='lat' dir='ltr'><strong>quarn</strong></span> <span class='ocrx_word' id='word_1_111' title='bbox 1374 1833 1377 1840; x_wconf 15' lang='lat' dir='ltr'>A</span> <span class='ocrx_word' id='word_1_112' title='bbox 1390 1772 1422 1838; x_wconf 86' lang='lat' dir='ltr'><strong>et</strong></span> 
     </span>
    </p>

    <p class='ocr_par' dir='ltr' id='par_1_15' title="bbox 196 1861 1483 2074">
     <span class='ocr_line' id='line_1_15' title="bbox 196 1861 1423 1968; baseline -0.002 -25"><span class='ocrx_word' id='word_1_113' title='bbox 196 1886 199 1891; x_wconf 85' lang='grc'><strong>’</strong></span> <span class='ocrx_word' id='word_1_114' title='bbox 304 1871 414 1968; x_wconf 90' lang='lat' dir='ltr'><strong>ipsum</strong></span> <span class='ocrx_word' id='word_1_115' title='bbox 439 1861 537 1943; x_wconf 81' lang='lat' dir='ltr'><strong>haum</strong></span> <span class='ocrx_word' id='word_1_116' title='bbox 553 1878 596 1942; x_wconf 87' lang='lat' dir='ltr'><strong>&#39;et</strong></span> <span class='ocrx_word' id='word_1_117' title='bbox 620 1870 766 1967; x_wconf 71' lang='lat' dir='ltr'><strong>uirgines</strong></span> <span class='ocrx_word' id='word_1_118' title='bbox 791 1869 1026 1966; x_wconf 82' lang='lat' dir='ltr'><strong>Hyperhoneos</strong></span> <span class='ocrx_word' id='word_1_119' title='bbox 1042 1867 1159 1963; x_wconf 78' lang='lat' dir='ltr'><strong>Argen</strong></span> <span class='ocrx_word' id='word_1_120' title='bbox 1183 1867 1254 1938; x_wconf 83' lang='lat' dir='ltr'><strong>sire</strong></span> <span class='ocrx_word' id='word_1_121' title='bbox 1271 1865 1423 1940; x_wconf 84' lang='lat' dir='ltr'><strong>Hecaer-</strong></span> 
     </span>
     <span class='ocr_line' id='line_1_16' title="bbox 305 1969 1483 2074; baseline -0.003 -31"><span class='ocrx_word' id='word_1_122' title='bbox 305 1995 371 2068; x_wconf 79' lang='lat' dir='ltr'><strong>geu</strong></span> <span class='ocrx_word' id='word_1_123' title='bbox 397 1977 432 2043; x_wconf 88' lang='lat' dir='ltr'><strong>ct</strong></span> <span class='ocrx_word' id='word_1_124' title='bbox 446 1969 552 2074; x_wconf 87' lang='lat' dir='ltr'><strong>Opin,</strong></span> <span class='ocrx_word' id='word_1_125' title='bbox 580 1979 614 2042; x_wconf 88' lang='lat' dir='ltr'><strong>et</strong></span> <span class='ocrx_word' id='word_1_126' title='bbox 639 1971 726 2067; x_wconf 86' lang='lat' dir='ltr'><strong>quod</strong></span> <span class='ocrx_word' id='word_1_127' title='bbox 753 1973 919 2044; x_wconf 89' lang='lat' dir='ltr'><strong>asinorum</strong></span> <span class='ocrx_word' id='word_1_128' title='bbox 946 1969 1148 2042; x_wconf 79' lang='lat' dir='ltr'><strong>hecatombis</strong></span> <span class='ocrx_word' id='word_1_129' title='bbox 1165 1969 1300 2064; x_wconf 81' lang='lat' dir='ltr'><strong>placem</strong></span> <span class='ocrx_word' id='word_1_130' title='bbox 1314 1969 1423 2066; x_wconf 87' lang='lat' dir='ltr'><strong>Apol-</strong></span> <span class='ocrx_word' id='word_1_131' title='bbox 1480 1973 1483 1978; x_wconf 83' lang='lat'>&#39;</span> 
     </span>
    </p>

    <p class='ocr_par' dir='ltr' id='par_1_16' title="bbox 304 2066 1455 2269">
     <span class='ocr_line' id='line_1_17' title="bbox 304 2066 1422 2169; baseline 0.001 -26"><span class='ocrx_word' id='word_1_132' title='bbox 304 2071 407 2144; x_wconf 90' lang='lat' dir='ltr'><strong>linem</strong></span> <span class='ocrx_word' id='word_1_133' title='bbox 438 2066 674 2169; x_wconf 82' lang='lat' dir='ltr'><strong>llypa&#39;rhoreos</strong></span> <span class='ocrx_word' id='word_1_134' title='bbox 706 2072 842 2168; x_wconf 78' lang='lat' dir='ltr'><strong>scripsit</strong></span> <span class='ocrx_word' id='word_1_135' title='bbox 872 2070 1051 2144; x_wconf 75' lang='lat' dir='ltr'><strong>Pindarus.</strong></span> <span class='ocrx_word' id='word_1_136' title='bbox 1111 2069 1262 2142; x_wconf 78' lang='lat' dir='ltr'><strong>Maxime</strong></span> <span class='ocrx_word' id='word_1_137' title='bbox 1302 2071 1338 2144; x_wconf 90' lang='lat' dir='ltr'><strong>iu</strong></span> <span class='ocrx_word' id='word_1_138' title='bbox 1369 2070 1422 2144; x_wconf 81' lang='lat' dir='ltr'><strong>his</strong></span> 
     </span>
     <span class='ocr_line' id='line_1_18' title="bbox 304 2163 1455 2269; baseline 0.001 -26"><span class='ocrx_word' id='word_1_139' title='bbox 304 2174 446 2244; x_wconf 76' lang='lat' dir='ltr'><strong>animum</strong></span> <span class='ocrx_word' id='word_1_140' title='bbox 480 2173 655 2244; x_wconf 83' lang='lat' dir='ltr'><strong>advertunt</strong></span> <span class='ocrx_word' id='word_1_141' title='bbox 686 2163 862 2269; x_wconf 77' lang='lat' dir='ltr'><strong>Hecaerge</strong></span> <span class='ocrx_word' id='word_1_142' title='bbox 897 2181 930 2244; x_wconf 88' lang='lat' dir='ltr'><strong>ot</strong></span> <span class='ocrx_word' id='word_1_143' title='bbox 963 2169 1072 2268; x_wconf 88' lang='lat' dir='ltr'><strong>Opis,</strong></span> <span class='ocrx_word' id='word_1_144' title='bbox 1110 2171 1196 2268; x_wconf 82' lang='lat' dir='ltr'><strong>quod</strong></span> <span class='ocrx_word' id='word_1_145' title='bbox 1230 2180 1265 2245; x_wconf 89' lang='lat' dir='ltr'><strong>et</strong></span> <span class='ocrx_word' id='word_1_146' title='bbox 1297 2171 1422 2268; x_wconf 84' lang='lat' dir='ltr'><strong>Apollo</strong></span> <span class='ocrx_word' id='word_1_147' title='bbox 1452 2192 1455 2196; x_wconf 84' lang='lat'>·</span> 
     </span>
    </p>

    <p class='ocr_par' dir='ltr' id='par_1_17' title="bbox 306 2269 1424 2374">
     <span class='ocr_line' id='line_1_19' title="bbox 306 2269 1424 2374; baseline -0.001 -27"><span class='ocrx_word' id='word_1_148' title='bbox 306 2269 479 2374; x_wconf 79' lang='grc' dir='ltr'><strong>ἑκάεργος</strong></span> <span class='ocrx_word' id='word_1_149' title='bbox 504 2274 614 2345; x_wconf 85' lang='lat' dir='ltr'><strong>hictus</strong></span> <span class='ocrx_word' id='word_1_150' title='bbox 639 2283 703 2367; x_wconf 82' lang='lat' dir='ltr'><strong>est,</strong></span> <span class='ocrx_word' id='word_1_151' title='bbox 731 2284 765 2347; x_wconf 90' lang='lat' dir='ltr'><strong>et</strong></span> <span class='ocrx_word' id='word_1_152' title='bbox 789 2273 874 2370; x_wconf 88' lang='lat' dir='ltr'><strong>Upis</strong></span> <span class='ocrx_word' id='word_1_153' title='bbox 901 2295 1090 2370; x_wconf 80' lang='lat' dir='ltr'><strong>cognomen·</strong></span> <span class='ocrx_word' id='word_1_154' title='bbox 1111 2283 1163 2346; x_wconf 88' lang='lat' dir='ltr'><strong>cst</strong></span> <span class='ocrx_word' id='word_1_155' title='bbox 1180 2272 1324 2349; x_wconf 81' lang='lat' dir='ltr'><strong>Dianae.</strong></span> <span class='ocrx_word' id='word_1_156' title='bbox 1375 2271 1424 2346; x_wconf 75' lang='lat' dir='ltr'><strong>Et</strong></span> 
     </span>
    </p>

    <p class='ocr_par' dir='ltr' id='par_1_18' title="bbox 304 2375 1422 2473">
     <span class='ocr_line' id='line_1_20' title="bbox 304 2375 1422 2473; baseline -0.003 -23"><span class='ocrx_word' id='word_1_157' title='bbox 304 2375 474 2473; x_wconf 83' lang='lat' dir='ltr'><strong>Apollinis</strong></span> <span class='ocrx_word' id='word_1_158' title='bbox 501 2376 631 2472; x_wconf 78' lang='lat' dir='ltr'><strong>quidem</strong></span> <span class='ocrx_word' id='word_1_159' title='bbox 656 2377 754 2448; x_wconf 87' lang='lat' dir='ltr'><strong>istam</strong></span> <span class='ocrx_word' id='word_1_160' title='bbox 779 2375 1048 2473; x_wconf 82' lang='lat' dir='ltr'><strong>appellationem,</strong></span> <span class='ocrx_word' id='word_1_161' title='bbox 1075 2375 1169 2448; x_wconf 87' lang='lat' dir='ltr'><strong>ouius</strong></span> <span class='ocrx_word' id='word_1_162' title='bbox 1194 2375 1280 2446; x_wconf 83' lang='lat' dir='ltr'><strong>aliae</strong></span> <span class='ocrx_word' id='word_1_163' title='bbox 1298 2375 1422 2452; x_wconf 78' lang='lat' dir='ltr'><strong>fornae</strong></span> 
     </span>
    </p>

    <p class='ocr_par' dir='ltr' id='par_1_19' title="bbox 304 2471 1424 2578">
     <span class='ocr_line' id='line_1_21' title="bbox 304 2471 1424 2578; baseline -0.003 -26"><span class='ocrx_word' id='word_1_164' title='bbox 304 2487 383 2552; x_wconf 86' lang='lat' dir='ltr'><strong>sunt</strong></span> <span class='ocrx_word' id='word_1_165' title='bbox 400 2474 633 2573; x_wconf 76' lang='grc' dir='ltr'><strong><em>ἑκατηβόλος,</em></strong></span> <span class='ocrx_word' id='word_1_166' title='bbox 660 2475 928 2574; x_wconf 59' lang='lat' dir='ltr'><strong>&amp;complet-impe,</strong></span> <span class='ocrx_word' id='word_1_167' title='bbox 955 2472 1141 2578; x_wconf 72' lang='grc' dir='ltr'><em>ἑκηβόλος,</em></span> <span class='ocrx_word' id='word_1_168' title='bbox 1168 2471 1311 2564; x_wconf 63' lang='lat' dir='ltr'><strong>iunio,</strong></span> <span class='ocrx_word' id='word_1_169' title='bbox 1331 2485 1424 2549; x_wconf 84' lang='lat' dir='ltr'><strong>rete·</strong></span> 
     </span>
    </p>

    <p class='ocr_par' dir='ltr' id='par_1_20' title="bbox 302 2578 1422 2676">
     <span class='ocr_line' id='line_1_22' title="bbox 302 2578 1422 2676; baseline 0 -24"><span class='ocrx_word' id='word_1_170' title='bbox 302 2601 378 2652; x_wconf 88' lang='lat' dir='ltr'><strong>rum</strong></span> <span class='ocrx_word' id='word_1_171' title='bbox 403 2581 619 2676; x_wconf 73' lang='lat' dir='ltr'><strong>interpretum</strong></span> <span class='ocrx_word' id='word_1_172' title='bbox 651 2580 770 2652; x_wconf 82' lang='lat' dir='ltr'><strong>levitas</strong></span> <span class='ocrx_word' id='word_1_173' title='bbox 802 2580 842 2652; x_wconf 86' lang='lat' dir='ltr'><strong>ah</strong></span> <span class='ocrx_word' id='word_1_174' title='bbox 877 2580 976 2676; x_wconf 82' lang='lat' dir='ltr'><strong>longe</strong></span> <span class='ocrx_word' id='word_1_175' title='bbox 1003 2579 1175 2652; x_wconf 81' lang='lat' dir='ltr'><strong>iaculando</strong></span> <span class='ocrx_word' id='word_1_176' title='bbox 1202 2578 1323 2654; x_wconf 69' lang='lat' dir='ltr'><strong>hoton</strong></span> <span class='ocrx_word' id='word_1_177' title='bbox 1350 2601 1422 2652; x_wconf 85' lang='lat' dir='ltr'><strong>esse</strong></span> 
     </span>
    </p>

    <p class='ocr_par' dir='ltr' id='par_1_21' title="bbox 303 2680 1424 2778">
     <span class='ocr_line' id='line_1_23' title="bbox 303 2680 1424 2778; baseline 0 -24"><span class='ocrx_word' id='word_1_178' title='bbox 303 2683 473 2778; x_wconf 86' lang='lat' dir='ltr'><strong>persuasit</strong></span> <span class='ocrx_word' id='word_1_179' title='bbox 498 2682 568 2753; x_wconf 88' lang='lat' dir='ltr'><strong>lere</strong></span> <span class='ocrx_word' id='word_1_180' title='bbox 595 2680 693 2752; x_wconf 87' lang='lat' dir='ltr'><strong>etiam</strong></span> <span class='ocrx_word' id='word_1_181' title='bbox 719 2682 978 2754; x_wconf 82' lang='lat' dir='ltr'><strong>recentioribusr</strong></span> <span class='ocrx_word' id='word_1_182' title='bbox 1005 2681 1142 2754; x_wconf 86' lang='lat' dir='ltr'><strong>meliora</strong></span> <span class='ocrx_word' id='word_1_183' title='bbox 1158 2687 1345 2774; x_wconf 81' lang='lat' dir='ltr'><strong>mpustrarc</strong></span> <span class='ocrx_word' id='word_1_184' title='bbox 1360 2705 1424 2778; x_wconf 84' lang='lat' dir='ltr'><strong>po·</strong></span> 
     </span>
    </p>

    <p class='ocr_par' dir='ltr' id='par_1_22' title="bbox 159 2781 1477 2980">
     <span class='ocr_line' id='line_1_24' title="bbox 159 2781 1422 2878; baseline 0.008 -31"><span class='ocrx_word' id='word_1_185' title='bbox 159 2838 164 2847; x_wconf 91' lang='lat'><em>.</em></span> <span class='ocrx_word' id='word_1_186' title='bbox 249 2797 251 2802; x_wconf 80' lang='grc'>’</span> <span class='ocrx_word' id='word_1_187' title='bbox 304 2791 393 2854; x_wconf 86' lang='lat' dir='ltr'><strong>terat</strong></span> <span class='ocrx_word' id='word_1_188' title='bbox 405 2782 548 2874; x_wconf 81' lang='lat' dir='ltr'><strong>Hecate,</strong></span> <span class='ocrx_word' id='word_1_189' title='bbox 576 2807 662 2878; x_wconf 88' lang='lat' dir='ltr'><strong>quae</strong></span> <span class='ocrx_word' id='word_1_190' title='bbox 686 2806 725 2854; x_wconf 90' lang='lat' dir='ltr'><strong>eu</strong></span> <span class='ocrx_word' id='word_1_191' title='bbox 752 2782 814 2854; x_wconf 84' lang='lat' dir='ltr'><strong>dea</strong></span> <span class='ocrx_word' id='word_1_192' title='bbox 839 2792 904 2873; x_wconf 88' lang='lat' dir='ltr'><strong>cst,</strong></span> <span class='ocrx_word' id='word_1_193' title='bbox 930 2783 1023 2863; x_wconf 84' lang='lat' dir='ltr'><strong>cuius</strong></span> <span class='ocrx_word' id='word_1_194' title='bbox 1044 2781 1142 2876; x_wconf 57' lang='lat' dir='ltr'><strong>iicon</strong></span> <span class='ocrx_word' id='word_1_195' title='bbox 1162 2805 1310 2878; x_wconf 78' lang='lat' dir='ltr'><strong>quaeque</strong></span> <span class='ocrx_word' id='word_1_196' title='bbox 1329 2781 1422 2856; x_wconf 83' lang='lat' dir='ltr'><strong>hunt.</strong></span> 
     </span>
     <span class='ocr_line' id='line_1_25' title="bbox 303 2882 1477 2980; baseline 0.001 -23"><span class='ocrx_word' id='word_1_197' title='bbox 303 2882 434 2957; x_wconf 84' lang='lat' dir='ltr'><strong>Hecate</strong></span> <span class='ocrx_word' id='word_1_198' title='bbox 461 2894 569 2956; x_wconf 89' lang='lat' dir='ltr'><strong>autcm</strong></span> <span class='ocrx_word' id='word_1_199' title='bbox 596 2885 694 2956; x_wconf 84' lang='lat' dir='ltr'><strong>etiarn</strong></span> <span class='ocrx_word' id='word_1_200' title='bbox 719 2883 850 2955; x_wconf 88' lang='lat' dir='ltr'><strong>Dianae</strong></span> <span class='ocrx_word' id='word_1_201' title='bbox 876 2909 1057 2980; x_wconf 83' lang='lat' dir='ltr'><strong>cognomen</strong></span> <span class='ocrx_word' id='word_1_202' title='bbox 1083 2891 1147 2968; x_wconf 86' lang='lat' dir='ltr'><strong>est.</strong></span> <span class='ocrx_word' id='word_1_203' title='bbox 1199 2883 1289 2974; x_wconf 72' lang='lat' dir='ltr'><strong>Quin</strong></span> <span class='ocrx_word' id='word_1_204' title='bbox 1313 2883 1424 2958; x_wconf 79' lang='lat' dir='ltr'><strong>Bran·</strong></span> <span class='ocrx_word' id='word_1_205' title='bbox 1472 2933 1477 2945; x_wconf 84' lang='lat'><em>·</em></span> 
     </span>
    </p>

    <p class='ocr_par' dir='ltr' id='par_1_23' title="bbox 203 2983 1423 3080">
     <span class='ocr_line' id='line_1_26' title="bbox 203 2983 1423 3080; baseline -0.002 -22"><span class='ocrx_word' id='word_1_206' title='bbox 203 3029 205 3034; x_wconf 95' lang='lat'>·</span> <span class='ocrx_word' id='word_1_207' title='bbox 304 2985 360 3062; x_wconf 90' lang='lat' dir='ltr'><strong>chi</strong></span> <span class='ocrx_word' id='word_1_208' title='bbox 386 2983 643 3058; x_wconf 80' lang='lat' dir='ltr'><strong>ratishlilesios</strong></span> <span class='ocrx_word' id='word_1_209' title='bbox 667 2986 840 3070; x_wconf 82' lang='lat' dir='ltr'><strong>lustrantis</strong></span> <span class='ocrx_word' id='word_1_210' title='bbox 866 3009 1009 3077; x_wconf 83' lang='lat' dir='ltr'><strong>uersum,</strong></span> <span class='ocrx_word' id='word_1_211' title='bbox 1038 2985 1094 3080; x_wconf 81' lang='lat' dir='ltr'><strong>qui</strong></span> <span class='ocrx_word' id='word_1_212' title='bbox 1119 2985 1292 3058; x_wconf 82' lang='lat' dir='ltr'><strong>exordium</strong></span> <span class='ocrx_word' id='word_1_213' title='bbox 1312 2984 1423 3080; x_wconf 82' lang='lat' dir='ltr'><strong>hymni</strong></span> 
     </span>
    </p>

    <p class='ocr_par' dir='ltr' id='par_1_24' title="bbox 304 3083 1423 3183">
     <span class='ocr_line' id='line_1_27' title="bbox 304 3083 1423 3183; baseline 0.002 -25"><span class='ocrx_word' id='word_1_214' title='bbox 304 3095 397 3178; x_wconf 77' lang='lat' dir='ltr'><strong>emt,</strong></span> <span class='ocrx_word' id='word_1_215' title='bbox 431 3086 587 3160; x_wconf 78' lang='lat' dir='ltr'><strong>Clemens</strong></span> <span class='ocrx_word' id='word_1_216' title='bbox 612 3085 861 3158; x_wconf 79' lang='lat' dir='ltr'><strong>Alexandrinus</strong></span> <span class='ocrx_word' id='word_1_217' title='bbox 888 3085 1016 3158; x_wconf 86' lang='lat' dir='ltr'><strong>Strom.</strong></span> <span class='ocrx_word' id='word_1_218' title='bbox 1042 3083 1091 3157; x_wconf 86' lang='lat' dir='ltr'><strong>V.</strong></span> <span class='ocrx_word' id='word_1_219' title='bbox 1118 3089 1155 3177; x_wconf 80' lang='grc'><strong>8,</strong></span> <span class='ocrx_word' id='word_1_220' title='bbox 1181 3087 1245 3160; x_wconf 84' lang='grc'><strong>49.</strong></span> <span class='ocrx_word' id='word_1_221' title='bbox 1270 3109 1306 3183; x_wconf 83' lang='lat' dir='ltr'><strong>p·</strong></span> <span class='ocrx_word' id='word_1_222' title='bbox 1332 3087 1423 3162; x_wconf 73' lang='lat'><strong>675.</strong></span> 
     </span>
    </p>

    <p class='ocr_par' dir='ltr' id='par_1_25' title="bbox 304 3183 1388 3285">
     <span class='ocr_line' id='line_1_28' title="bbox 304 3183 1388 3285; baseline 0 -25"><span class='ocrx_word' id='word_1_223' title='bbox 304 3187 378 3260; x_wconf 79' lang='lat' dir='ltr'><strong>siro</strong></span> <span class='ocrx_word' id='word_1_224' title='bbox 403 3189 467 3260; x_wconf 86' lang='lat' dir='ltr'><strong>vol.</strong></span> <span class='ocrx_word' id='word_1_225' title='bbox 494 3183 568 3260; x_wconf 87' lang='grc' dir='ltr'><strong>ΠΙ.</strong></span> <span class='ocrx_word' id='word_1_226' title='bbox 593 3214 628 3285; x_wconf 86' lang='lat' dir='ltr'><strong>p.</strong></span> <span class='ocrx_word' id='word_1_227' title='bbox 656 3189 720 3262; x_wconf 80' lang='grc'><strong>36.</strong></span> <span class='ocrx_word' id='word_1_228' title='bbox 745 3186 799 3259; x_wconf 86' lang='lat' dir='ltr'><strong>ed.</strong></span> <span class='ocrx_word' id='word_1_229' title='bbox 825 3185 926 3284; x_wconf 87' lang='lat' dir='ltr'><strong>Lips.</strong></span> <span class='ocrx_word' id='word_1_230' title='bbox 954 3196 1113 3260; x_wconf 87' lang='lat' dir='ltr'><strong>memorat</strong></span> <span class='ocrx_word' id='word_1_231' title='bbox 1138 3187 1247 3262; x_wconf 73' lang='lat' dir='ltr'><strong>hunos</strong></span> <span class='ocrx_word' id='word_1_232' title='bbox 1384 3229 1388 3236; x_wconf 93' lang='lat'><em>·</em></span> 
     </span>
    </p>
   </div>
   <div class='ocr_carea' id='block_1_3' title="bbox 307 3319 1332 3441">
    <p class='ocr_par' dir='ltr' id='par_1_26' title="bbox 307 3319 1332 3441">
     <span class='ocr_line' id='line_1_29' title="bbox 307 3319 1332 3441; baseline 0.007 -34"><span class='ocrx_word' id='word_1_233' title='bbox 307 3319 317 3418; x_wconf 43' lang='lat' dir='ltr'><em>J</em></span> <span class='ocrx_word' id='word_1_234' title='bbox 405 3336 569 3436; x_wconf 67' lang='lat' dir='ltr'><strong>pociorem,</strong></span> <span class='ocrx_word' id='word_1_235' title='bbox 594 3333 626 3416; x_wconf 80' lang='grc' dir='ltr'><em>ὦ</em></span> <span class='ocrx_word' id='word_1_236' title='bbox 652 3333 793 3434; x_wconf 66' lang='grc' dir='ltr'><strong>παῖδες,</strong></span> <span class='ocrx_word' id='word_1_237' title='bbox 815 3333 1011 3441; x_wconf 70' lang='grc' dir='ltr'><strong>Ἑκάεργον</strong></span> <span class='ocrx_word' id='word_1_238' title='bbox 1036 3335 1099 3412; x_wconf 84' lang='grc' dir='ltr'><strong>καὶ</strong></span> <span class='ocrx_word' id='word_1_239' title='bbox 1119 3335 1332 3440; x_wconf 71' lang='grc' dir='ltr'><strong>Ἑκαέργαν.</strong></span> 
     </span>
    </p>
   </div>
   <div class='ocr_carea' id='block_1_4' title="bbox 162 3487 1425 4096">
    <p class='ocr_par' dir='ltr' id='par_1_27' title="bbox 162 3487 1425 4096">
     <span class='ocr_line' id='line_1_30' title="bbox 286 3487 1423 3592; baseline 0.008 -36"><span class='ocrx_word' id='word_1_240' title='bbox 286 3487 405 3562; x_wconf 61' lang='lat' dir='ltr'><strong>„Poto</strong></span> <span class='ocrx_word' id='word_1_241' title='bbox 418 3512 490 3563; x_wconf 63' lang='lat' dir='ltr'><strong>&#39;cos</strong></span> <span class='ocrx_word' id='word_1_242' title='bbox 517 3491 597 3562; x_wconf 83' lang='lat' dir='ltr'><strong>deus</strong></span> <span class='ocrx_word' id='word_1_243' title='bbox 623 3490 675 3563; x_wconf 89' lang='lat' dir='ltr'><strong>his</strong></span> <span class='ocrx_word' id='word_1_244' title='bbox 701 3491 886 3564; x_wconf 81' lang='lat' dir='ltr'><strong>nominihus</strong></span> <span class='ocrx_word' id='word_1_245' title='bbox 913 3490 1099 3588; x_wconf 54' lang='lat' dir='ltr'><strong>appellari*</strong></span> <span class='ocrx_word' id='word_1_246' title='bbox 1114 3506 1253 3587; x_wconf 74' lang='lat' dir='ltr'><strong>quorum</strong></span> <span class='ocrx_word' id='word_1_247' title='bbox 1277 3491 1423 3592; x_wconf 66' lang='lat' dir='ltr'><strong>propitia</strong></span> 
     </span>
     <span class='ocr_line' id='line_1_31' title="bbox 303 3593 1424 3689; baseline 0.002 -24"><span class='ocrx_word' id='word_1_248' title='bbox 303 3593 338 3665; x_wconf 77' lang='lat' dir='ltr'><strong>ri</strong></span> <span class='ocrx_word' id='word_1_249' title='bbox 363 3593 503 3665; x_wconf 79' lang='lat' dir='ltr'><strong>mundus</strong></span> <span class='ocrx_word' id='word_1_250' title='bbox 529 3601 626 3688; x_wconf 77' lang='lat' dir='ltr'><strong>atque</strong></span> <span class='ocrx_word' id='word_1_251' title='bbox 652 3593 787 3688; x_wconf 81' lang='lat' dir='ltr'><strong>negotia</strong></span> <span class='ocrx_word' id='word_1_252' title='bbox 812 3593 978 3666; x_wconf 87' lang='lat' dir='ltr'><strong>homiuum</strong></span> <span class='ocrx_word' id='word_1_253' title='bbox 1003 3602 1174 3689; x_wconf 79' lang='lat' dir='ltr'><strong>regantur,</strong></span> <span class='ocrx_word' id='word_1_254' title='bbox 1199 3593 1307 3667; x_wconf 76' lang='lat' dir='ltr'><strong>itaet</strong></span> <span class='ocrx_word' id='word_1_255' title='bbox 1325 3595 1424 3667; x_wconf 73' lang='lat' dir='ltr'><strong>som</strong></span> 
     </span>
     <span class='ocr_line' id='line_1_32' title="bbox 304 3695 1424 3792; baseline 0.003 -28"><span class='ocrx_word' id='word_1_256' title='bbox 304 3695 362 3792; x_wconf 78' lang='lat' dir='ltr'><strong>qui</strong></span> <span class='ocrx_word' id='word_1_257' title='bbox 387 3695 496 3768; x_wconf 83' lang='lat' dir='ltr'><strong>suhito</strong></span> <span class='ocrx_word' id='word_1_258' title='bbox 523 3717 640 3767; x_wconf 82' lang='lat' dir='ltr'><strong>caussa</strong></span> <span class='ocrx_word' id='word_1_259' title='bbox 665 3720 730 3768; x_wconf 92' lang='lat' dir='ltr'><strong>uon</strong></span> <span class='ocrx_word' id='word_1_260' title='bbox 756 3697 935 3792; x_wconf 83' lang='lat' dir='ltr'><strong>conspicua</strong></span> <span class='ocrx_word' id='word_1_261' title='bbox 960 3696 1157 3786; x_wconf 82' lang='lat' dir='ltr'><strong>moriuntur,</strong></span> <span class='ocrx_word' id='word_1_262' title='bbox 1181 3695 1300 3768; x_wconf 85' lang='lat' dir='ltr'><strong>horum</strong></span> <span class='ocrx_word' id='word_1_263' title='bbox 1315 3695 1424 3791; x_wconf 76' lang='lat' dir='ltr'><strong>puleci-</strong></span> 
     </span>
     <span class='ocr_line' id='line_1_33' title="bbox 162 3795 1423 3893; baseline 0.002 -26"><span class='ocrx_word' id='word_1_264' title='bbox 162 3837 165 3842; x_wconf 37' lang='grc' dir='ltr'><em>ν</em></span> <span class='ocrx_word' id='word_1_265' title='bbox 305 3795 357 3868; x_wconf 86' lang='lat' dir='ltr'><strong>dis</strong></span> <span class='ocrx_word' id='word_1_266' title='bbox 384 3797 460 3868; x_wconf 87' lang='lat' dir='ltr'><strong>telis</strong></span> <span class='ocrx_word' id='word_1_267' title='bbox 486 3797 572 3868; x_wconf 88' lang='lat' dir='ltr'><strong>ictos</strong></span> <span class='ocrx_word' id='word_1_268' title='bbox 597 3795 689 3869; x_wconf 85' lang='lat' dir='ltr'><strong>credi</strong></span> <span class='ocrx_word' id='word_1_269' title='bbox 717 3806 881 3893; x_wconf 85' lang='lat' dir='ltr'><strong>oporteat.</strong></span> <span class='ocrx_word' id='word_1_270' title='bbox 932 3795 1017 3872; x_wconf 89' lang='lat' dir='ltr'><strong>Non</strong></span> <span class='ocrx_word' id='word_1_271' title='bbox 1033 3798 1136 3890; x_wconf 73' lang='lat' dir='ltr'><strong>igitur</strong></span> <span class='ocrx_word' id='word_1_272' title='bbox 1160 3796 1234 3872; x_wconf 81' lang='lat' dir='ltr'><strong>laih</strong></span> <span class='ocrx_word' id='word_1_273' title='bbox 1261 3796 1423 3887; x_wconf 70' lang='lat' dir='ltr'><strong>vicenus,</strong></span> 
     </span>
     <span class='ocr_line' id='line_1_34' title="bbox 305 3893 1425 3995; baseline -0.001 -26"><span class='ocrx_word' id='word_1_274' title='bbox 305 3896 336 3969; x_wconf 79' lang='lat' dir='ltr'><strong>si</strong></span> <span class='ocrx_word' id='word_1_275' title='bbox 361 3893 503 3969; x_wconf 84' lang='lat' dir='ltr'><strong>altorum</strong></span> <span class='ocrx_word' id='word_1_276' title='bbox 517 3897 713 3994; x_wconf 80' lang='lat' dir='ltr'><strong>Hecaergse</strong></span> <span class='ocrx_word' id='word_1_277' title='bbox 739 3922 856 3970; x_wconf 85' lang='lat' dir='ltr'><strong>nomeu</strong></span> <span class='ocrx_word' id='word_1_278' title='bbox 874 3897 988 3995; x_wconf 87' lang='lat' dir='ltr'><strong>Argea</strong></span> <span class='ocrx_word' id='word_1_279' title='bbox 1006 3896 1056 3970; x_wconf 81' lang='lat' dir='ltr'><strong>ad</strong></span> <span class='ocrx_word' id='word_1_280' title='bbox 1083 3898 1218 3972; x_wconf 73' lang='lat' dir='ltr'><strong>dioneae</strong></span> <span class='ocrx_word' id='word_1_281' title='bbox 1244 3897 1331 3974; x_wconf 83' lang='lat' dir='ltr'><strong>lucis</strong></span> <span class='ocrx_word' id='word_1_282' title='bbox 1353 3899 1425 3970; x_wconf 88' lang='lat' dir='ltr'><strong>ala·</strong></span> 
     </span>
     <span class='ocr_line' id='line_1_35' title="bbox 304 3993 1425 4096; baseline 0.005 -26"><span class='ocrx_word' id='word_1_283' title='bbox 304 3993 439 4074; x_wconf 83' lang='lat' dir='ltr'><strong>ritatem</strong></span> <span class='ocrx_word' id='word_1_284' title='bbox 459 3999 787 4096; x_wconf 69' lang='lat' dir='ltr'><strong>toussanquugeius</strong></span> <span class='ocrx_word' id='word_1_285' title='bbox 821 3998 1151 4091; x_wconf 60' lang='lat' dir='ltr'><strong>solemnissimus,</strong></span> <span class='ocrx_word' id='word_1_286' title='bbox 1187 3996 1287 4095; x_wconf 78' lang='lat' dir='ltr'><strong>Opia</strong></span> <span class='ocrx_word' id='word_1_287' title='bbox 1313 4006 1425 4076; x_wconf 66' lang='lat' dir='ltr'><strong>cutm</strong></span> 
     </span>
    </p>
   </div>
   <div class='ocr_carea' id='block_1_5' title="bbox 305 4152 634 4176">
    <p class='ocr_par' dir='ltr' id='par_1_28' title="bbox 305 4152 634 4176">
     <span class='ocr_line' id='line_1_36' title="bbox 305 4152 634 4176; baseline 0 -5"><span class='ocrx_word' id='word_1_288' title='bbox 305 4152 634 4176; x_wconf 47' lang='grc' dir='ltr'><strong>...η-μψ--ι-ῌ</strong></span> 
     </span>
    </p>
   </div>
   <div class='ocr_carea' id='block_1_6' title="bbox 306 4249 1425 4503">
    <p class='ocr_par' dir='ltr' id='par_1_29' title="bbox 306 4219 1425 4503">
     <span class='ocr_line' id='line_1_37' title="bbox 392 4249 1425 4333; baseline 0 -23"><span class='ocrx_word' id='word_1_289' title='bbox 392 4249 423 4332; x_wconf 68' lang='lat'><strong>⁹)</strong></span> <span class='ocrx_word' id='word_1_290' title='bbox 452 4251 550 4310; x_wconf 84' lang='lat' dir='ltr'><strong>Contra</strong></span> <span class='ocrx_word' id='word_1_291' title='bbox 572 4251 604 4310; x_wconf 91' lang='lat'><strong>0.</strong></span> <span class='ocrx_word' id='word_1_292' title='bbox 627 4251 766 4311; x_wconf 85' lang='lat' dir='ltr'><strong>Miillerum</strong></span> <span class='ocrx_word' id='word_1_293' title='bbox 789 4251 907 4330; x_wconf 82' lang='lat' dir='ltr'><strong>cupidius</strong></span> <span class='ocrx_word' id='word_1_294' title='bbox 928 4253 1075 4333; x_wconf 78' lang='lat' dir='ltr'><strong>Apollinem</strong></span> <span class='ocrx_word' id='word_1_295' title='bbox 1095 4255 1270 4314; x_wconf 82' lang='lat' dir='ltr'><strong>Doriensihus</strong></span> <span class='ocrx_word' id='word_1_296' title='bbox 1290 4251 1425 4318; x_wconf 77' lang='lat' dir='ltr'><strong>vindican-</strong></span> 
     </span>
     <span class='ocr_line' id='line_1_38' title="bbox 308 4334 1425 4416; baseline 0.005 -25"><span class='ocrx_word' id='word_1_297' title='bbox 308 4343 361 4398; x_wconf 75' lang='lat' dir='ltr'><strong>tem</strong></span> <span class='ocrx_word' id='word_1_298' title='bbox 389 4334 529 4412; x_wconf 83' lang='lat' dir='ltr'><strong>disputavit</strong></span> <span class='ocrx_word' id='word_1_299' title='bbox 556 4335 587 4394; x_wconf 74' lang='lat' dir='ltr'><strong>(l.</strong></span> <span class='ocrx_word' id='word_1_300' title='bbox 609 4335 649 4414; x_wconf 91' lang='grc' dir='ltr'><strong>Μ</strong></span> <span class='ocrx_word' id='word_1_301' title='bbox 671 4335 837 4395; x_wconf 82' lang='lat' dir='ltr'><strong>Fleiroherus</strong></span> <span class='ocrx_word' id='word_1_302' title='bbox 865 4344 892 4398; x_wconf 88' lang='lat' dir='ltr'><strong>iu</strong></span> <span class='ocrx_word' id='word_1_303' title='bbox 920 4343 1109 4404; x_wconf 83' lang='lat' dir='ltr'><strong>commentariis</strong></span> <span class='ocrx_word' id='word_1_304' title='bbox 1136 4341 1168 4399; x_wconf 86' lang='lat' dir='ltr'><strong>de</strong></span> <span class='ocrx_word' id='word_1_305' title='bbox 1195 4339 1276 4413; x_wconf 75' lang='lat' dir='ltr'><strong>mylhi</strong></span> <span class='ocrx_word' id='word_1_306' title='bbox 1300 4341 1425 4416; x_wconf 74' lang='lat' dir='ltr'><strong>inprimis</strong></span> 
     </span>
     <span class='ocr_line' id='line_1_39' title="bbox 306 4417 1339 4503; baseline 0.005 -23"><span class='ocrx_word' id='word_1_307' title='bbox 306 4425 406 4480; x_wconf 81' lang='lat' dir='ltr'><strong>Graeci</strong></span> <span class='ocrx_word' id='word_1_308' title='bbox 427 4430 528 4493; x_wconf 80' lang='lat' dir='ltr'><strong>ustura,</strong></span> <span class='ocrx_word' id='word_1_309' title='bbox 548 4437 614 4500; x_wconf 82' lang='lat' dir='ltr'><strong>quos</strong></span> <span class='ocrx_word' id='word_1_310' title='bbox 634 4421 714 4482; x_wconf 82' lang='lat' dir='ltr'><strong>Halis</strong></span> <span class='ocrx_word' id='word_1_311' title='bbox 727 4417 861 4484; x_wconf 67' lang='lat' dir='ltr'><strong>Sannum</strong></span> <span class='ocrx_word' id='word_1_312' title='bbox 881 4419 962 4484; x_wconf 74' lang='lat' dir='ltr'><strong>ottho</strong></span> <span class='ocrx_word' id='word_1_313' title='bbox 982 4443 1008 4484; x_wconf 75' lang='lat' dir='ltr'><strong>a.</strong></span> <span class='ocrx_word' id='word_1_314' title='bbox 1030 4423 1121 4484; x_wconf 74' lang='lat'>18³8.</span> <span class='ocrx_word' id='word_1_315' title='bbox 1142 4445 1170 4503; x_wconf 84' lang='lat' dir='ltr'><strong>p.</strong></span> <span class='ocrx_word' id='word_1_316' title='bbox 1191 4421 1245 4486; x_wconf 77' lang='grc'><strong>83.</strong></span> <span class='ocrx_word' id='word_1_317' title='bbox 1263 4441 1339 4500; x_wconf 64' lang='grc' dir='ltr'><strong>κῃ.</strong></span> 
     </span>
    </p>
   </div>
   <div class='ocr_carea' id='block_1_7' title="bbox 0 0 1540 5044">
    <p class='ocr_par' dir='ltr' id='par_1_30' title="bbox 0 0 1540 5044">
     <span class='ocr_line' id='line_1_40' title="bbox 0 0 1540 5044; baseline 0 0"><span class='ocrx_word' id='word_1_318' title='bbox 0 0 1540 5044; x_wconf 95' lang='lat' dir='ltr'><strong> </strong></span> 
     </span>
    </p>
   </div>
  </div>
 </body>
</html>
