3070 5048
302 399 367 470 aes
619 399 669 463 ιιι
691 355 880 463 norum
901 397 952 461 ur
973 399 1102 462 ιιιιιι.

303 569 372 661 dit,
398 569 445 642 ita
471 573 508 641 ut
531 593 609 641 uou'
623 569 731 666 possit
755 567 795 640 de
820 576 960 665 utroque
986 566 1161 666 separatim
1188 565 1326 664 exponi,
1353 563 1423 639 etsi

303 672 467 770 potiorem
505 671 650 743 habitum
682 694 757 742 esse
789 670 979 768 Apollinem
1016 671 1070 742 vel
1105 692 1207 741 sexus
1243 675 1422 740 monstrat.

303 771 387 846 Illa·
403 771 477 869 ipsa
503 779 609 844 autem
637 772 824 845 coniunctio
859 780 955 868 etque
983 770 1196 843 communitas
1223 779 1420 866 argumento

305 884 369 966 est,
396 881 452 945 aut
477 874 573 946 unius
599 873 787 963 cuiusdam,
814 872 970 970 quidquid
996 871 1079 944 illud
1105 872 1170 963 sit,
1197 869 1279 942 duas
1306 871 1420 942 diuer-

305 1001 359 1048 sos
385 981 587 1073 potestates,
622 983 678 1047 aut
711 974 849 1047 duorum
874 973 1077 1046 diversorum
1103 973 1285 1045 naturalem
1313 997 1420 1070 quan·

189 1137 191 1144 ,
305 1078 379 1151 dam
406 1078 634 1173 cognationem
660 1075 724 1148 diis
748 1077 823 1149 istis
849 1076 902 1172 sig
882 1075 1044 1148 unificari.
1522 1157 1523 1176 χ

211 1157 221 1184 ⁸
405 1178 590 1251 Multorum
616 1203 656 1250 ea
680 1177 744 1251 luit
769 1178 902 1275 opinio,
936 1186 973 1250 ut
998 1175 1193 1294 Apollinem
1216 1179 1250 1246 et
1274 1171 1418 1246 Dianam
1522 1189 1523 1216 ι

164 1279 166 1288 '
306 1282 409 1353 solem
436 1288 470 1352 et
493 1281 603 1352 lunam
629 1303 703 1351 esse
728 1287 921 1358 censerent.
956 1303 1038 1376 quae
1065 1276 1196 1349 tametsi
1222 1276 1417 1370 grauissime
1522 1333 1523 1342 ,

169 1415 178 1420 ·
304 1407 324 1453 a
358 1381 547 1478 quibusdam
581 1380 742 1472 refutata,
776 1390 886 1453 tamen
918 1405 1023 1478 nuper
1055 1378 1189 1451 defensa
1222 1385 1274 1448 cst
1307 1377 1416 1449 aPlr.

305 1483 540 1556 Buttmanno
529 1483 794 1579 ingeniosissime
819 1484 854 1555 iu
879 1481 1070 1578 Mptlrologi
1095 1481 1163 1552 vol.
1189 1478 1221 1554 Ι.
1272 1477 1393 1550 Nam
1383 1503 1416 1550 ru

306 1584 542 1680 antiquissimis
570 1585 788 1681 religionibus
814 1607 853 1656 ea
886 1607 970 1681 quoe
1003 1583 1109 1656 oculis
1136 1587 1311 1654 oemautur
1338 1580 1416 1652 deos
1471 1590 1474 1604 '

279 1682 432 1779 4lrulreri,
458 1687 586 1759 caelum
609 1684 744 1780 Iovem,
772 1710 860 1758 mare
886 1685 1087 1782 Neptunum,
1114 1685 1190 1757 loca
1214 1681 1322 1755 iulera
1348 1680 1417 1754 Or·
1523 1687 1524 1696 ’

305 1813 392 1881 rum,
417 1789 528 1885 ignem
553 1785 760 1877 Vulcanum
796 1789 900 1860 multo
925 1798 1003 1885 post
1028 1785 1156 1858 demum
1182 1809 1225 1856 ex
1250 1783 1293 1856 iis
1319 1784 1416 1856 rebus

209 1885 215 1890 ’
282 1913 389 1988 ¹quae
415 1891 488 1962 sola
512 1898 620 1961 moute
647 1899 890 1986 cognoscantur
913 1889 1102 1986 potissimas
1133 1885 1328 1958 iudeorum
1356 1909 1417 1956 uu·
1523 1909 1524 1912 ¹

304 2013 427 2062 merum
442 1990 580 2082 relerri;
604 1990 689 2061 unde
711 1991 930 2086 prudentiam,
956 2013 1151 2079 sermonem,
1178 1987 1416 2078 lentitudinem,

159 2083 164 2103 '
304 2115 449 2162 amorem
474 2091 657 2161 nominibus
684 2092 750 2162 coli
765 2091 951 2183 Mineruae,
977 2090 1154 2181 Mercurii,
1179 2088 1316 2180 Martis,
1342 2085 1417 2175 vs-

304 2192 407 2284 ueris.
458 2191 569 2282 Quare
602 2191 698 2263 nimis
731 2192 847 2264 mimm
873 2217 967 2284 esse,
1003 2193 1057 2286 ul,
1099 2215 1181 2310 quae
1214 2190 1357 2264 maxime
1382 2191 1416 2264 iu
1524 2257 1525 2266 ,

305 2275 420 2369 oculos
446 2293 627 2385 incurrant,
654 2293 707 2365 sol
732 2318 861 2391 quoque
887 2303 921 2367 et
944 2295 1024 2366 luna
1045 2293 1124 2366 iacti
1142 2293 1209 2365 sint
1228 2291 1286 2364 dii.
1337 2291 1417 2363 Me-
1524 2301 1525 2306 ’

270 2393 426 2468 'morari
452 2394 583 2493 quidem
609 2395 705 2468 deum
723 2393 839 2468 Solem
865 2389 1022 2493 deamque
1043 2393 1194 2468 Lunam·
1230 2418 1341 2466 uerum
1367 2395 1417 2466 sie
1524 2385 1525 2480 f

305 2497 403 2570 etiam
429 2521 449 2568 a
475 2488 598 2572 Cerere
625 2495 781 2589 Terram,
809 2522 828 2568 a
853 2497 1007 2596 Neptuno
1034 2495 1190 2587 Pontum,
1217 2520 1237 2567 a
1261 2495 1417 2569 Minerva

304 2597 414 2672 Motirr
439 2622 514 2673 esse
540 2597 720 2672 diseretosr
748 2600 863 2696 quihus
882 2610 998 2697 postea
1013 2598 1138 2671 addidit
1152 2597 1304 2690 Vestam,
1334 2620 1415 2695 quae

302 2700 438 2798 proprie
463 2701 509 2772 sit
533 2699 774 2774 fundamentum
801 2701 929 2775 domus.
979 2700 1128 2799 Namque
1154 2700 1219 2772 etsi
1243 2699 1340 2778 iurtio
1362 2724 1415 2772 res

303 2803 396 2900 ipsae
422 2802 492 2874 suis
518 2802 701 2874 nominibus
726 2826 787 2899 pro
814 2802 878 2877 diis
904 2802 1067 2894 colantur,
1093 2811 1202 2874 tamen
1225 2812 1344 2899 postea
1361 2825 1416 2874 se-

304 2903 395 2978 cerni
420 2904 591 2995 notiones,
625 2904 786 2999 aliterque
819 2903 859 2976 de
892 2929 928 3002 ιι
954 2914 1106 3001 tanquam
1133 2903 1215 2996 deo,
1252 2901 1414 2999 quamde
1525 2915 1526 2936 ¹

304 3003 366 3076 deo
400 3005 440 3079 ab
473 3013 512 3077 ιι
544 3027 581 3076 ιι
615 3017 767 3102 separato
799 3006 928 3078 sentiri.
995 3004 1083 3079 Sunt
1116 3005 1199 3078 haee
1230 3004 1415 3111 speciosius

305 3129 399 3204 quam
433 3106 676 3179 accommodate
709 3105 750 3178 ad
782 3109 988 3225 propositum
1015 3108 1115 3181 dicta.
1175 3105 1260 3178 Nam
1285 3103 1414 3177 Pontus

304 3207 433 3303 quidem
459 3215 493 3280 et
516 3205 622 3280 Metis
655 3207 739 3279 nilril
770 3208 834 3279 uisi
866 3208 944 3282 licta
978 3233 998 3280 a
1031 3209 1141 3307 poetis
1166 3209 1298 3280 numina
1322 3214 1413 3298 sunt,

303 3330 433 3407 neque
428 3309 579 3394 lrabita
568 3334 604 3380 ru
629 3333 740 3381 eorum
767 3305 915 3404 numero,
951 3311 1006 3407 qui
1030 3337 1092 3408 pro
1120 3311 1205 3382 v'eris
1232 3310 1296 3382 diis
1321 3309 1415 3382 eole-

241 3475 244 3485 .
303 3419 430 3482 rentur.
462 3409 611 3483 Terrae
637 3419 743 3482 autem
770 3437 886 3484 munus
911 3413 1013 3485 molto
1038 3413 1138 3486 latius
1164 3436 1260 3511 quam
1278 3409 1412 3484 Cereris

304 3519 437 3610 patet,
434 3521 483 3604 ut,
510 3511 638 3610 siquis
665 3510 821 3586 Cererem
847 3539 920 3586 oum
946 3513 1056 3586 Terra
1082 3512 1227 3590 eamdem
1254 3537 1328 3586 esse
1355 3536 1413 3584 ve·

129 3611 134 3624 ’
203 3641 205 3650 ’
240 3659 248 3670 -
304 3615 356 3706 ιιι,
384 3614 426 3687 ad
451 3633 609 3687 summum
634 3639 698 3686 nou
732 3615 840 3712 possit
871 3616 935 3690 uisi
961 3641 1039 3688 arva
1064 3614 1219 3689 Cererem
1246 3615 1413 3716 appellata

246 3783 249 3790 .
305 3713 435 3789 afferre.
496 3715 606 3806 Quare
647 3731 687 3788 ue
724 3715 879 3789 Cererem
920 3717 1048 3815 quidem
1082 3743 1155 3790 oum
1186 3713 1347 3814 Apolline
1379 3723 1413 3787 et

179 3879 181 3886 ι
303 3816 414 3888 Diana
440 3817 623 3914 comparari
649 3817 741 3910 licet,
771 3818 858 3918 quod
884 3817 1009 3916 aliquid
1034 3828 1141 3891 tamen
1168 3828 1277 3891 terrae
1303 3823 1416 3890 manet

304 3920 339 3990 in
364 3917 426 3989 dea
447 3916 583 4015 Cerere,
608 3918 733 4016 Apollo
759 3929 867 3994 autem
892 3931 926 3993 et
951 3921 1061 3993 Diana
1086 3922 1187 3992 multa
1212 3944 1274 4017 per
1299 3919 1413 3992 secula

304 4021 351 4092 ita
377 4028 453 4092 sunt
479 4021 579 4113 culti,
614 4029 651 4092 ut
675 4045 770 4094 neme
797 4023 967 4120 quisquam
992 4022 1032 4094 de
1058 4022 1129 4097 sole
1155 4031 1189 4095 et
1212 4020 1291 4096 lurra
1317 4020 1414 4116 eogi-

304 4129 408 4212 taret,
435 4145 538 4242 usqpe
564 4072 638 4196 dum
665 4121 874 4241 philosophi,
909 4125 964 4220 qui
988 4149 1043 4196 res
1067 4124 1234 4198 naturales
1258 4146 1320 4221 pro
1347 4121 1410 4192 diis

302 4222 431 4295 habitas
457 4223 702 4316 existimarent,
737 4225 789 4322 sig
791 4248 832 4296 na
863 4225 923 4296 illa
948 4227 1156 4298 caelestia
1129 4252 1182 4296 ιιι
1159 4223 1311 4323 gnificari
1326 4220 1411 4294 istis

304 4324 488 4420 nominibus
521 4323 748 4422 prodiderunt.
805 4325 881 4398 Nou
913 4349 1065 4423 quaeram
1098 4351 1184 4400 nune
1214 4326 1332 4399 falsum
1356 4323 1412 4396 illi
1525 4319 1526 4406 3

304 4451 483 4502 auverum
509 4427 671 4497 dixerint.
703 4425 778 4498 lieri
801 4429 911 4522 potuit
934 4427 1033 4520 euim,
1058 4438 1097 4502 ut
1121 4451 1232 4502 verum
1250 4429 1410 4517 dicerent,
