3076 5046
292 325 356 394 288
471 329 528 388 ΠΕ
544 325 762 392 russonum
783 325 1051 396 oomountdddu
1072 326 1219 390 Luaron.
1260 251 1272 286 ⁸
1318 379 1321 386 .

242 493 368 573 2ldcm
390 492 427 564 in
451 491 539 566 ludis
565 500 708 568 nonest
733 493 852 588 satyris
877 499 1056 566 certatum:
1083 491 1279 591 praesertim
1305 499 1407 589 quum

294 593 465 694 omittendi
489 593 584 666 ualde
617 594 799 690 probabilis
833 617 952 668 caussa
975 596 1117 692 cogitari
1140 595 1262 692 possit.
1317 591 1406 668 Nam

292 699 329 770 in
361 695 544 793 tragoediis
574 695 704 768 infinita
736 721 920 769 sermonum
962 696 1017 793 qui
1056 696 1191 770 recitari
1226 696 1406 793 separatim

292 798 423 896 possint
448 797 544 894 copia
569 805 633 889 est,
658 799 694 870 in
719 797 899 871 comoediis
924 808 1031 871 autem
1046 799 1149 872 multo
1163 798 1282 871 minor.
1306 875 1308 885 s
1333 795 1407 870 Sed

293 900 363 974 sire
395 907 487 973 reate
519 899 585 972 ista
609 901 775 994 suppleuit
800 899 1010 991 Boccklrius,
1047 900 1117 972 sire
1142 924 1227 995 non,
1260 899 1352 971 nihil·
1368 897 1407 969 id

292 1001 375 1074 fucit
407 999 449 1072 ad
474 1025 556 1072 rem.
615 999 708 1098 Nihil
742 1001 833 1074 aliud
864 1001 949 1073 enim
976 1001 1073 1074 docet
1097 1001 1163 1074 ista
1188 1000 1405 1100 comparatio,

146 1177 174 1200 ,ι
293 1123 390 1205 quam
414 1101 450 1174 in
475 1102 580 1173 altero
606 1103 704 1174 titulo
731 1111 860 1174 'veteres
886 1110 920 1174 et
944 1127 1047 1174 novas
1072 1102 1199 1174 fabulas
1217 1100 1405 1193 memorari,

292 1205 328 1277 iu
354 1205 459 1279 altaro
486 1203 577 1279 solos
602 1203 808 1299 tragoedum,
834 1203 1038 1296 comoedum,
1064 1214 1244 1303 poetasque
1270 1211 1408 1299 tragoe-

293 1306 420 1377 diarum
452 1312 486 1382 et
518 1305 771 1378 comoediarum.
832 1303 874 1377 Si
906 1306 992 1380 ratio
1025 1304 1191 1380 reddenda
1226 1312 1277 1377 est
1308 1305 1407 1376 huius

294 1399 516 1498 diversitatis,
542 1407 599 1478 vix
625 1406 691 1478 alia
714 1407 918 1505 reperietur,
956 1431 1051 1503 quom
1078 1407 1165 1504 quod
1189 1407 1250 1480 ille
1275 1405 1406 1498 titulus,

170 1571 173 1580 ,
294 1507 459 1610 ῳιίὀὶίοὶί
486 1507 526 1583 de
552 1517 664 1582 vetere
697 1517 754 1580 aut
785 1533 870 1581 oona
895 1507 1007 1580 fabula
1032 1507 1151 1600 habet,
1188 1507 1296 1582 onmia
1321 1531 1408 1584 uota
1458 1569 1460 1578 .

294 1609 502 1698 continebat3
529 1609 563 1682 in
589 1609 694 1684 altero
722 1619 842 1702 autem,
870 1635 968 1707 quum
995 1611 1114 1682 veteris
1131 1609 1324 1706 tragoediae
1336 1618 1408 1704 tra·
1464 1667 1470 1678 .

293 1711 421 1810 goedos
447 1710 661 1788 nominandos
688 1721 795 1804 esset,
822 1720 1074 1784 cousentaneum
1100 1720 1191 1803 erat,
1227 1719 1264 1782 ut
1289 1710 1407 1782 deinde

225 1861 227 1870 a
296 1837 379 1911 quae
404 1817 490 1887 o'ova
515 1821 627 1884 esseut
652 1812 774 1885 diserte
800 1813 1036 1886 iudicarentur.
1087 1811 1163 1885 Nou
1181 1811 1311 1884 ridetur
1326 1836 1407 1909 ergo

294 1938 428 2005 rerum,
454 1937 576 2008 parem
603 1938 676 1986 esse
704 1915 760 2009 qui
775 1915 981 2019 ,simpliciter
1006 1911 1198 2016 τραγῳδὸς
1223 1913 1332 1986 dictus
1358 1920 1410 1987 est

39 2107 42 2116 k
170 2015 172 2021 ’
237 2025 244 2030 ’
294 2010 478 2114 τραγῳδῷ
494 2020 652 2102 παλαιᾶς
665 2009 888 2115 τραγῳδίας.
940 2014 1012 2088 Νοο
1037 2040 1117 2089 sane
1142 2014 1178 2089 id
1195 2015 1301 2088 uoluit
1317 2014 1411 2088 Boe·

295 2115 433 2206 okhius,
468 2113 526 2209 qui
549 2115 649 2194 istum
673 2113 871 2218 τραγῳδὸν
896 2116 1019 2189 dixerit
1044 2142 1109 2190 oon
1135 2117 1324 2190 necessario
1350 2140 1410 2188 ve·

208 2301 212 2314 ι
295 2224 404 2294 tostae
429 2213 559 2287 fabulae
586 2216 748 2292 cauticum
772 2242 903 2290 canere.
953 2217 1048 2316 Ergo
1074 2243 1178 2291 nouae
1202 2237 1325 2291 canere*
1346 2242 1411 2316 po·

296 2317 401 2400 tuisse
427 2317 554 2389 statuit.
607 2317 780 2410 Quomodo
806 2344 885 2392 vero
917 2327 987 2392 tum
1019 2345 1133 2417 parem
1164 2319 1275 2392 dicere
1299 2319 1411 2418 potuit

295 2415 478 2520 τραγῳδῷ
511 2425 670 2501 παλαιᾶς
700 2418 935 2520 τραγῳδίαςί,
997 2421 1126 2520 Nempe
1164 2445 1277 2519 parem
1316 2422 1410 2512 dicit,

297 2521 364 2619 qui
380 2520 494 2594 eodem
519 2520 596 2594 loco
621 2522 655 2592 io
680 2523 748 2612 isto
773 2523 891 2616 titulo,
929 2548 993 2623 quo
1026 2524 1061 2595 iu
1086 2525 1192 2595 altero
1217 2521 1412 2624 τραγῳδὸς

295 2627 455 2711 παλαιᾶς
485 2619 697 2722 τραγῳδίας
728 2625 857 2721 positus
890 2633 959 2699 est..
1018 2624 1105 2719 Quid
1138 2649 1217 2698 vero
1249 2625 1345 2698 iocus
1376 2626 1411 2698 iu

287 2725 396 2802 titulo
430 2723 471 2794 ad
503 2724 548 2795 id
571 2725 658 2828 quod
685 2719 833 2798 canunt?
893 2725 1067 2822 Tragocdi
1093 2735 1188 2800 suut:
1224 2749 1265 2798 eo
1291 2751 1410 2824 pares:

298 2825 440 2917 diversi,
475 2825 562 2928 quod
588 2827 673 2897 alter
698 2828 819 2904 veteris
845 2829 1035 2924 tragoediae
1068 2836 1138 2918 est;
1173 2828 1334 2920 alterum,
1372 2828 1411 2904 de

299 2951 364 3031 quo
389 2924 472 2998 nihil
498 2926 656 3026 additum,
682 2952 787 2999 novae
813 2952 885 3002 esse
904 2930 1062 3006 credibile
1082 2939 1145 3026 est,
1196 2931 1326 3003 uoniam
1346 2954 1412 3002 ooo

297 3035 410 3130 potest
435 3029 527 3105 credi
559 3029 640 3100 solis
667 3026 831 3106 veteribus
857 3053 931 3102 esse
951 3040 1129 3107 certatum.
1173 2955 1250 3104 (ded
1277 3039 1349 3105 esto
1376 3040 1413 3106 ut

209 3157 212 3164 ’
299 3129 393 3204 ambo
420 3130 486 3202 sint
511 3130 632 3200 ueteris
658 3129 868 3226 tragoediae:
902 3132 994 3204 nullo
1026 3142 1125 3230 pacto
1159 3133 1343 3224 efficietur,
1375 3141 1413 3205 ut

198 3270 202 3279 1
298 3228 438 3305 παλαιὰ
462 3227 655 3332 τραγῳδία
686 3255 790 3328 genus
816 3233 984 3332 antiquum
1009 3235 1135 3307 recenti
1164 3235 1279 3331 generi
1305 3260 1413 3332 oppo-

152 3417 160 3428 ,
198 3362 202 3372 ’
300 3335 399 3406 situm
424 3327 601 3428 significet.
659 3331 744 3404 Nam
777 3335 992 3430 ratiocinatus
1018 3344 1070 3408 est
1095 3336 1159 3408 hoo
1184 3335 1305 3408 modos¹
1337 3336 1413 3433 quia

298 3459 397 3536 pares
424 3443 500 3505 suut
524 3431 716 3533 τραγῳδὸς
742 3444 776 3507 et
799 3434 993 3538 τραγῳδὸς
1016 3443 1173 3520 παλαιᾶς
1189 3435 1411 3539 τραγῳδίας,

169 3607 174 3611 ,
300 3532 440 3618 παλαιὰ
463 3533 656 3636 τραγῳδία
681 3562 748 3609 οοο
774 3546 825 3609 cst
850 3538 961 3610 sabula
989 3549 1137 3631 vetusta,
1164 3539 1224 3612 sed
1251 3548 1412 3612 vetustum

302 3645 425 3735 genus:
471 3636 571 3708 Patet
602 3638 687 3712 hanc
719 3640 1003 3714 ratiocinationem
1028 3665 1067 3712 eo
1094 3642 1175 3732 uiti,
1212 3641 1298 3742 quod
1323 3668 1413 3740 τροι-

303 3734 429 3844 γῳδὸςν
455 3738 649 3836 simpliciter
673 3740 796 3820 dictum
820 3741 960 3838 sumpsit
984 3743 1105 3814 veteris
1129 3743 1220 3815 illius
1238 3743 1334 3842 lyrici
1352 3767 1413 3840 ge·

288 3836 393 3913 'neris
420 3849 586 3921 cantorem
612 3866 699 3913 esse.
749 3845 796 3920 ‚At
821 3839 897 3945 qnia
920 3843 1064 3922 hooooo
1081 3843 1328 3936 demonstravit,
1354 3843 1413 3917 sed

192 4032 196 4040 ¹
306 3939 445 4036 sumpsit
478 3967 538 4044 pro
580 3939 822 4038 demonstrato,
867 3952 1014 4044 apertam
1047 3955 1099 4022 est
1129 3947 1413 4032 ratiocinationem

302 4043 400 4116 istam
425 4045 548 4122 nullam
574 4067 659 4120 esse.
710 4043 805 4119 Haec
831 4055 937 4121 autem
963 4047 993 4117 si
1014 4049 1182 4138 nullaest,
1209 4049 1299 4120 cadit
1315 4049 1413 4123 etiam

304 4168 387 4248 quac
414 4169 456 4216 eu
483 4169 522 4216 ea
548 4168 707 4239 suspensa
733 4150 784 4214 est
809 4145 932 4218 altera:
973 4149 1050 4246 quia
1082 4145 1230 4244 ποιητὴς
1262 4160 1296 4226 et
1320 4148 1413 4224 dno

278 4244 427 4342 ’κριτὴς
450 4241 661 4345 τραγῳδίας
685 4268 783 4341 pares
809 4255 885 4320 sont
910 4257 1039 4344 ποιητῇ
1072 4257 1106 4322 et
1129 4247 1308 4352 ὑποκριτῇ
1333 4278 1413 4327 και-

304 4356 372 4450 νῆς
394 4340 624 4451 τραγῳδίας,
659 4344 767 4446 καινὴ
787 4345 982 4455 ’τραγῳδία
1014 4375 1079 4424 nou
1105 4359 1157 4426 est
1179 4350 1291 4428 sabula
1314 4375 1412 4445 nova,
