3076 5046
151 359 155 370 .
251 301 316 368 auo
471 303 521 363 ur
543 300 727 362 maenum
747 298 935 362 renuens
957 272 1155 360 ruunrms.

199 523 202 528 -
252 448 361 550 fusse
381 469 515 544 amram.
563 447 727 568 Apertum
758 463 887 563 quidem
914 471 985 560 ost,
1020 445 1226 564 soupuron
1240 462 1365 563 aliquid

253 572 326 646 uitii
352 571 578 648 contraxisset
614 568 701 665 quod
726 593 790 668 ogo
814 567 974 640 facillima
998 566 1204 641 correctione
1230 573 1265 640 et
1287 567 1364 654 olim

254 673 368 750 consui
392 672 573 746 toheudum
599 693 674 744 esse
701 676 735 743 ει
759 694 846 742 nune
872 693 1004 762 censeo,
1030 669 1094 742 hoc
1118 666 1239 740 modos

218 909 224 919 x
353 821 476 919 ἲσχίεν
500 819 550 905 ὥς
573 816 713 918 ἐνόησε,
734 819 855 918 χαμαὶ
878 815 996 918 βάλεν
1020 817 1098 894 εἶπέ
1118 846 1157 892 τε
1170 833 1175 840 ’
1181 819 1323 914 μῦθον·

354 923 386 1000 o'l
411 951 476 1019 μοι
502 920 588 1025 ἐγώ,
614 920 742 1008 παῖδές
765 950 830 1018 μοι
856 919 1090 1005 ὄνειδείοντες
1114 919 1285 1018 diremptor

353 1023 466 1101 εὐκτὰ
491 1024 557 1100 Διῒ
578 1025 732 1122 βασιλῆϊ
754 1023 818 1098 καὶ
843 1024 965 1108 ἄλλαις
990 1018 1241 1098 ἀθανάτοισιν
1367 1109 1372 1114 ¹

353 1126 483 1225 χερσὶν
506 1125 571 1204 ὑπ’
601 1120 768 1224 ἂιλήιαιν
791 1121 1047 1224 καταβήμεναι
1063 1120 1186 1208 ’Ἀΐδας
1210 1127 1311 1198 εἴσω.

168 1337 171 1350 .
256 1277 412 1356 Secundo
439 1279 569 1375 quidem
595 1303 694 1352 uersu
720 1277 807 1374 quod
831 1274 902 1374 μὲν
928 1277 1052 1350 codicis
1070 1285 1103 1350 et
1127 1276 1281 1350 editionis
1295 1275 1370 1350 Ro·

258 1405 390 1473 manae,
424 1406 484 1480 pro
512 1405 576 1476 quo
602 1403 622 1453 a
647 1380 808 1452 Turnebo
835 1379 958 1452 editum
982 1405 1049 1472 με,
1083 1379 1118 1450 in
1143 1405 1208 1474 μοι
1234 1379 1384 1470 mutati,

259 1507 391 1583 operam
416 1483 580 1574 abutitur,
607 1483 637 1554 si
664 1482 736 1578 quis
763 1481 923 1579 exemplis
939 1477 1131 1552 ‘iocundum
1156 1487 1269 1580 putat,
1300 1475 1370 1575 μὲν

161 1669 163 1679 Α
259 1586 357 1657 etiam
382 1609 447 1657 non
473 1591 630 1680 sequente
656 1579 698 1656 dt
724 1583 803 1658 dici.
865 1579 942 1654 Non
974 1582 1039 1655 ista
1071 1581 1152 1654 mibi
1183 1581 1371 1678 corrigendi

259 1709 376 1762 caussa
401 1686 477 1779 luit,
505 1685 565 1758 sed
591 1685 678 1782 quod
703 1685 759 1756 hic
783 1683 915 1757 facilius
941 1685 1103 1783 particula
1129 1707 1223 1779 quam
1248 1709 1373 1782 prono·

258 1790 347 1862 mine
379 1811 540 1862 caremus.
601 1784 644 1858 In
677 1786 792 1858 eodem
825 1793 934 1859 autem
965 1810 1062 1860 uersu
1095 1787 1152 1881 qui
1180 1784 1373 1858 Buttmanni

260 1890 480 1962 coniecturam
507 1883 685 1963 ὀνείδειον
700 1883 781 1960 τόδ’
807 1886 978 1983 ἔπεμψαν
992 1887 1184 1987 palmarium
1203 1911 1276 1960 esse
1294 1913 1374 1986 pro·

260 1991 477 2080 nunciarunt,
507 2012 625 2065 vereor
649 2013 691 2060 ne
716 1988 992 2062 inconsideratius
1017 2014 1077 2087 pro
1103 1989 1224 2062 uitioso
1249 1989 1374 2063 babue-

261 2091 328 2164 rint
360 2091 494 2162 verbnm
525 2089 613 2185 quod
646 2088 725 2161 alibi
746 2114 823 2171 ,uon
856 2097 945 2160 esset
977 2091 1157 2163 inventum.
1223 2089 1309 2164 Nom
1340 2097 1374 2162 et

261 2192 369 2264 lomna
399 2190 491 2262 uerbi
515 2192 619 2289 proba
644 2198 696 2262 εει
729 2197 763 2262 ει
788 2197 935 2288 potestas
968 2215 1027 2284 ea,
1060 2199 1098 2266 ut
1130 2200 1196 2266 tam
1229 2198 1306 2290 apta
1331 2192 1376 2264 sit

261 2293 312 2366 roi
338 2315 434 2388 quam
458 2316 525 2364 non
550 2298 627 2391 apto
651 2291 738 2366 loret
764 2289 1013 2382 ὀνειδίζοντες.
1067 2293 1164 2386 Quod
1186 2294 1215 2365 si
1234 2294 1300 2366 alia
1315 2316 1376 2365 au·

160 2431 162 2436 ·
263 2394 416 2468 ctoritate
449 2418 516 2492 non
548 2393 707 2466 munitum
740 2402 790 2466 est
815 2394 880 2466 boc
905 2394 1059 2486 verbum,
1093 2394 1136 2467 ob
1161 2395 1247 2468 hanc
1270 2396 1377 2492 ipsam

264 2519 414 2575 caussam
444 2519 521 2569 rara
545 2495 691 2593 captanti
722 2503 841 2593 poetae
868 2492 1076 2593 Colophonio
1104 2495 1377 2570 conuenientissi-

264 2623 350 2670 mum
376 2605 440 2670 est.
498 2595 541 2670 In
571 2598 671 2670 tertio
704 2622 802 2670 versu
834 2597 921 2693 quod
953 2622 1015 2694 ego
1049 2624 1110 2696 pro
1141 2593 1249 2673 εὖντα
1281 2597 1377 2696 posui

264 2694 388 2787 εὐκτά,
416 2699 577 2773 eiusmodi
602 2707 674 2796 est,
706 2709 879 2796 utpqnae
904 2699 996 2772 nullo
1023 2700 1119 2773 modo
1145 2700 1378 2791 cohaerebant,

224 2809 228 2824 “
265 2813 341 2898 apte
368 2802 546 2895 coniungat
571 2801 606 2871 in
632 2825 728 2874 unam
753 2802 960 2876 seutentiam.
1010 2801 1121 2874 Aliter
1146 2802 1254 2894 euim,
1290 2801 1379 2899 quod

219 2916 338 2974 &non
357 2908 410 2974 est
431 2901 601 2993 credibile,
628 2903 755 2998 aliquot
771 2927 883 2975 versus
902 2911 977 2975 autc
992 2904 1080 2976 hunc
1096 2903 1261 2976 excidisse
1277 2929 1380 3002 opor-

266 3010 365 3074 teret.
416 3001 492 3074 Non
518 3011 628 3098 potest
655 3005 742 3075 enim
767 3004 880 3095 scribi,
910 3002 997 3099 qnod
1022 3004 1147 3101 placuit
1173 3005 1378 3102 quibusdam,

219 3097 374 3176 laetato
401 3099 441 3176 δὲ
468 3101 517 3176 At
540 3103 708 3199 βασιλῆιι
744 3105 890 3199 quinon
918 3104 1068 3178 uidentur
1094 3107 1260 3204 cogitasse
1275 3133 1380 3206 quau-

268 3217 337 3278 tmn
362 3204 402 3279 ab
429 3203 552 3276 aomsto
569 3203 669 3278 distet
684 3205 1049 3302 plusquamperfectum.
1064 3293 1067 3302 .
1102 3206 1276 3282 Caeterum
1292 3209 1381 3307 quod

269 3306 416 3382 dicebam
442 3305 594 3379 schohon
613 3306 706 3380 istud
722 3332 788 3379 non
812 3306 918 3380 rideri
934 3309 1060 3406 antiqui
1077 3312 1294 3407 grammatici,
1321 3309 1381 3384 sed
1519 3307 1521 3314 ’

270 3408 429 3484 Triclinii
454 3429 548 3500 esse,
583 3406 708 3494 duobus
741 3409 839 3480 etiam
872 3410 947 3483 aliis
982 3412 1183 3508 argumentis
1209 3413 1381 3510 probabile

270 3512 320 3584 lit.
362 3509 498 3584 'Eorum
523 3535 620 3584 nnnm
646 3535 707 3609 per
731 3533 768 3583 εε
794 3512 917 3584 nullom
944 3513 1008 3585 vim
1028 3515 1140 3605 babet,
1166 3515 1222 3586 red
1242 3515 1382 3588 coniun-

271 3624 359 3688 ctum
394 3637 466 3686 eum
497 3612 635 3710 reliquis
669 3638 736 3686 non
775 3622 827 3686 est
858 3615 1140 3688 contemnendum.
1202 3613 1383 3714 Comparat

272 3715 358 3786 onim
388 3714 485 3788 homo
518 3715 583 3786 iste
613 3722 688 3786 ‘cum
722 3713 906 3788 Thebaidis
942 3717 1088 3790 versibus
1113 3717 1314 3815 Aeschylum
1345 3718 1382 3790 in

272 3814 409 3911 Septem
435 3815 476 3886 ad
503 3815 657 3888 Thebas:
693 3815 780 3913 quod
806 3818 870 3889 etsi
903 3818 1008 3914 quiuis
1035 3819 1133 3891 etiarn
1159 3819 1246 3894 ahos
1270 3820 1382 3892 lacere

272 3915 399 4013 potuit,
425 3922 532 3988 tamen
559 3925 593 3988 ει
618 3917 697 3989 alibi
723 3918 773 3990 sie
798 3919 885 3991 solet
910 3919 1115 4013 Triclinius,
1146 3933 1180 3994 et
1206 3931 1383 3996 consenta-

223 4093 228 4106 ,
273 4039 370 4090 neum
395 4023 466 4086 erat
490 4017 620 4111 lacere,
655 4021 711 4116 qui
736 4020 809 4116 ipsc
834 4019 869 4090 in
894 4021 986 4094 illam
1011 4022 1154 4095 fabulam
1180 4032 1383 4097 commenta·

274 4119 343 4194 rios
369 4115 570 4213 scripsisset.
619 4121 771 4193 Alterum
797 4131 1020 4216 argumentum
1046 4126 1111 4198 hoc
1136 4132 1206 4217 est,
1234 4124 1383 4220 quodin

258 4216 423 4324 *verubus
449 4218 505 4314 qui
531 4218 685 4318 deinceps
707 4223 887 4294 afferuntur
902 4223 1183 4298 manifestassent
1200 4227 1384 4300 correctio·

276 4347 335 4398 ues
360 4321 457 4396 metri
482 4345 599 4396 caussa
622 4322 749 4416 factae,
776 4349 838 4422 quo
862 4325 899 4420 in
923 4349 1045 4423 genere
1070 4335 1150 4402 nota
1174 4337 1227 4402 cst
1252 4327 1395 4404 Tacta.
1518 4318 1522 4334 '
