3076 5046
321 409 371 472 DE
393 407 781 472 destrimentum
802 407 1002 490 musteis.
1158 403 1222 476 Π

95 575 251 671 exponit
263 573 480 671 Agamemno,
506 575 680 648 admiscuit
696 573 894 670 Aeschylus.
932 572 987 648 Ea
999 574 1126 682 paneis
1129 597 1224 703 eorp-

92 679 228 774 plexus
263 677 490 802 Apollodorus
520 678 574 750 sio
604 677 725 750 ιείετιι
767 673 817 758 ὥς
848 673 893 749 33
920 669 1042 771 ἦλθον
1073 669 1126 760 εἰς’
1150 675 1222 752 τὸν.

91 779 348 875 Κιθαιρῶνα,
374 777 556 873 πέμπουσι
575 777 696 852 Τυδέα
716 783 946 906 προεροῦντα
962 776 1139 852 Ἐτεοκλεῖ
1151 777 1222 875 τὴν

91 878 304 978 βασιλείαν
343 884 579 977 παραχωρεῖν
612 878 829 954 Πολυνείκει
859 876 964 953 καθὰ
1005 878 1219 954 συνέθεντο.

91 977 721 1212 333333753533333‘03
744 976 1221 1208 ‘33333333

91 1183 342 1312 περιεγένετο.
408 1185 443 1256 oi
481 1182 522 1258 dt
561 1082 978 1280 suevu3so'vt3o3rdpoe
1006 1182 1221 1268 ὁπλίσαντες

93 1281 268 1360 ἀπιόντα
293 1279 507 1412 ἐνήδρευον
524 1281 651 1361 αὐτόν.
702 1281 845 1368 πάντας
876 1283 917 1358 33
939 1283 1086 1368 αὐτοὺς
1105 1285 1223 1416 χωρὶς

4 1441 8 1450 «
91 1385 328 1468 Μαίονος
308 1385 510 1474 ατοίκτεινε,
542 1388 695 1464 κᾶπειτα
720 1386 779 1462 imi
810 1385 854 1460 τὸ
880 1382 1144 1482 messenatae
1152 1384 1219 1484 32-

90 1490 183 1564 θεν.
243 1486 310 1558 Illa
342 1489 486 1583 igitur'
476 1515 510 1560 ιιι
542 1488 652 1560 sabula
685 1492 783 1561 etiam
819 1488 859 1560 de
893 1489 1019 1561 ιοιιιίο
1051 1488 1217 1582 Eteoelis,

91 1591 214 1662 euius
224 1589 262 1660 in
288 1586 426 1686 Septem
452 1589 493 1661 ad
511 1589 647 1660 Thebas
673 1589 795 1662 mentio
819 1589 908 1663 laeta
931 1598 1003 1679 est,
1030 1592 1218 1688 expositum

91 1715 174 1764 esse
203 1689 333 1764 debuit.
389 1688 518 1764 Nomen
552 1715 629 1766 uero
663 1689 750 1786 quod
782 1690 860 1762 buio
890 1689 1082 1785 tragoediae
1113 1692 1218 1764 luisse

91 1793 218 1888 aliqua
245 1815 318 1866 oum
340 1792 575 1888 probabilitate
600 1791 726 1882 dicam,
762 1815 828 1864 nou
860 1790 981 1864 babere
1012 1812 1064 1864 me
1097 1793 1219 1866 fateor.
1308 1789 1313 1798 ’

91 1892 175 1966 Nisi
203 1892 295 1966 forte
326 1894 494 1990 appellata
526 1893 591 1965 luit
613 1893 733 1992 Argiui
758 1901 815 1964 aut
838 1892 998 1990 Argivae.
1056 1891 1136 1975 Sed
1152 1894 1218 1969 boe

92 1994 293 2067 dubitanter
319 1994 406 2070 diae
455 1991 549 2069 Beue
575 1993 661 2068 onim
682 1995 767 2086 scio,
794 2003 966 2090 quantum
970 2019 1011 2068 ea
1026 1996 1218 2069 eonieetura

93 2097 288 2192 perieulum
313 2097 458 2170 subesse.
499 2094 735 2173 Verumtamen
760 2121 827 2168 nou
852 2095 1016 2170 affirmare
1041 2096 1217 2194 quidquem

86 2199 198 2290 -uol'o,
237 2197 296 2270 sed
322 2221 513 2295 quaerere,
534 2223 631 2289 num,
663 2221 746 2294 quae
772 2197 904 2270 obstare
930 2198 1101 2291 uidentur,
1135 2201 1216 2275 talia

95 2299 187 2392 sint,
223 2307 263 2372 ut
287 2308 468 2396 nequeatur
493 2298 534 2370 da
559 2299 696 2394 Argiuis
723 2299 877 2393 eogitari.
927 2296 1016 2372 Sunt
1041 2324 1082 2372 ea
1107 2309 1216 2374 autem

93 2399 183 2474 haee
210 2401 298 2491 duo,
331 2424 450 2490 uuum,
483 2386 570 2495 quod
596 2399 718 2494 Argiui
749 2398 859 2468 fabulo
885 2400 1028 2494 satyrica
1052 2425 1127 2472 ossa
1152 2403 1216 2474 uisi

96 2510 197 2590 suut3
237 2503 389 2592 alterum,
415 2499 515 2597 quod,
535 2500 648 2572 otiam
680 2500 711 2570 ai
735 2497 907 2592 tragoedia
931 2500 1012 2589 luit,
1039 2524 1105 2571 non
1130 2525 1214 2596 quae

95 2613 175 2676 ante
198 2601 343 2698 Septem
370 2601 411 2672 ad
437 2601 594 2690 Thebes,
627 2599 686 2672 sed
702 2621 795 2716 oquae
819 2605 897 2692 post
921 2607 1017 2694 gasto
1041 2607 1135 2690 sunt,
1162 2603 1289 2674 tels

95 2705 217 2776 unisse
250 2702 469 2790 existimatur.
526 2702 580 2774 Ae
605 2699 785 2794 satyricam
817 2697 919 2770 luisse
943 2698 1148 2794 neapolim,
1185 2703 1217 2773 si

95 2813 193 2878 reete
223 2783 411 2876 emendatus
437 2810 501 2893 est,
528 2801 644 2874 testari
669 2799 833 2876 videtur
822 2824 856 2873 ιι
883 2799 1051 2895 ἐμμέλεια
1072 2801 1124 2874 bis
1139 2827 1216 2875 rer-

96 2904 171 2978 bis:
200 2901 376 3032 τραγικὴ
382 2899 470 2978 δι”
450 2922 607 3000 ορχησις.
649 2898 856 3002 Ἀργυρίοις
873 2899 916 2976 da
929 2896 1150 3031 Alox3loe’
1129 2903 1216 2979 αντὶ
1306 2921 1315 2930 ·

98 3015 168 3082 τοῦ
196 3001 395 3125 σατρριιιή,
426 3003 561 3101 ἥέστι
585 3001 749 3087 σίκιννις.
810 3003 910 3078 Pre'
903 3003 1105 3106 Λργυρίοις
1129 3007 1217 3079 seri·

99 3107 181 3181 bunt
215 3108 282 3180 uiri
307 3108 396 3186 dooti
414 3105 607 3208 Ἀργείοις,
643 3131 705 3180 neo
736 3106 850 3180 dubito
884 3107 963 3204 quin
994 3117 1098 3181 reete.
1158 3107 1215 3182 Eo

97 3207 204 3303 igitur
240 3210 428 3282 testimonio
459 3208 701 3281 Boeekbius
691 3233 726 3278 un
758 3209 843 3282 libro
877 3233 973 3328 querp
1004 3209 1140 3306 abripuit
1172 3211 1215 3284 de
1304 3245 1307 3256 ·

97 3312 242 3408 tragicis
257 3309 459 3407 Graecisp·
486 3313 549 3385 30.
598 3310 779 3428 Argiuos·
768 3334 804 3381 ιιι
829 3310 979 3406 satyricis
1006 3311 1126 3385 lalmlis
1150 3335 1227 3384 nu-.

98 3413 257 3502 mouerit,
281 3420 376 3484 reete
397 3435 489 3500 sene,
515 3411 545 3482 si
569 3410 653 3496 nibil
678 3409 750 3482 uitii
776 3411 862 3482 est
851 3437 886 3485 un
912 3412 1021 3484 uerbis
1040 3410 1111 3484 Hes
1113 3413 1214 3508 yebii.

72 3508 149 3584 *Et
171 3514 351 3588 uideantur
382 3535 422 3584 ea
452 3511 594 3584 fortasse
624 3509 700 3582 iuda
710 3510 857 3606 aliquid
888 3513 1046 3608 praesidii
1078 3513 1212 3606 babere,
1282 3587 1284 3596 ,
1413 3579 1417 3592 .

102 3616 187 3735 quenl
206 3613 384 3688 Lucienus
409 3611 449 3684 de
475 3614 587 3684 saltat.
613 3637 644 3684 e.
671 3597 734 3684 22.
760 3611 809 3682 Τ.
824 3609 1043 3730 11.p.2805
1070 3614 1212 3688 omnium

100 3717 237 3790 nomina
261 3714 360 3790 trium
392 3715 601 3787 saltationum
627 3713 829 3784 scenicarum
859 3713 900 3802 ab
926 3711 1037 3810 Saty‘
1009 3738 1056 3787 ns
1081 3714 1214 3789 inuenta

104 3813 201 3891 dixit.
262 3815 332 3892 Sed
364 3817 539 3914 permirum
572 3823 680 3890 temen
714 3822 785 3906 eat,
822 3838 919 3910 quum
950 3741 1008 3886 toty
1032 3815 1212 3913 scriptores

106 3915 299 4010 εμμελειαν
324 3919 469 4015 tragicae
496 3916 680 3990 saltationis
705 3937 822 3988 nomen
844 3924 1110 4008 coattestantur,
1137 3921 1213 3994 nul·
1322 3967 1326 3982 ι
1373 3990 1375 3995 ,

51 4063 56 4076 ι
107 4013 174 4092 λιιι
200 4045 312 4094 eorum
337 4028 469 4117 praeter
485 4017 576 4113 Hesp
578 4017 684 4090 obium
710 4017 794 4090 illud
819 4041 936 4092 nomen
962 4019 1060 4092 etiam
1087 4020 1128 4092 ed
1154 4019 1212 4094 σί-
1289 4093 1292 4097 ,

108 4143 246 4204 κιννιν
260 4124 463 4196 translatum
486 4121 608 4192 disere.
666 4118 777 4211 Quare
811 4143 927 4194 vereor
959 4145 999 4194 ne
1025 4120 1211 4218 Hesychius
1342 4151 1345 4166 ¹

110 4218 158 4292 εἰσ
183 4222 372 4318 scripserit:
397 4249 583 4350 τραγικη
536 4217 654 4294 δι”
634 4243 799 4319 ορχησις·
824 4216 1008 4316 Αἰσχύλος
1024 4221 1209 4340 Ἀργείοις.

108 4312 156 4434 ᾖν
180 4323 221 4398 do
246 4320 310 4397 καὶ
331 4319 528 4450 σατυρική,
556 4319 692 4450 ᾔέστι
709 4321 872 4398 σίκιννιν.
924 4322 1076 4396 Certe
1050 4348 1099 4396 aro
1123 4323 1210 4395 idem
1352 4407 1360 4415 ¹

110 4421 145 4492 iu
170 4424 341 4506 σίκιννις·
372 4419 420 4518 ἧν
444 4423 486 4498 ds
510 4422 574 4498 καὶ
597 4421 766 4519 ἔμμελεια
788 4419 962 4523 τραγική,
985 4420 1049 4496 καὶ
1067 4421 1210 4521 κιομιιιὴ
