<?xml version="1.0" encoding="UTF-8"?>
<!DOCTYPE html PUBLIC "-//W3C//DTD XHTML 1.0 Transitional//EN"
    "http://www.w3.org/TR/xhtml1/DTD/xhtml1-transitional.dtd">
<html xmlns="http://www.w3.org/1999/xhtml" xml:lang="en" lang="en">
 <head>
  <title>
</title>
<meta http-equiv="Content-Type" content="text/html;charset=utf-8" />
  <meta name='ocr-system' content='tesseract 3.04.00' />
  <meta name='ocr-capabilities' content='ocr_page ocr_carea ocr_par ocr_line ocrx_word'/>
</head>
<body>
  <div class='ocr_page' id='page_1' title='image "./opuscula05hermgoog/opuscula05hermgoog_0349.png"; bbox 0 0 3070 5048; ppageno 0'>
   <div class='ocr_carea' id='block_1_1' title="bbox 149 277 1130 398">
    <p class='ocr_par' dir='ltr' id='par_1_1' title="bbox 149 277 1130 398">
     <span class='ocr_line' id='line_1_1' title="bbox 149 277 1130 398; baseline -0.016 3"><span class='ocrx_word' id='word_1_1' title='bbox 149 318 154 326; x_wconf 85' lang='lat'><em>&#39;</em></span> <span class='ocrx_word' id='word_1_2' title='bbox 290 325 356 398; x_wconf 73' lang='lat' dir='ltr'><strong><em>au</em></strong></span> <span class='ocrx_word' id='word_1_3' title='bbox 565 277 620 394; x_wconf 76' lang='grc' dir='ltr'><strong><em>σέ</em></strong></span> <span class='ocrx_word' id='word_1_4' title='bbox 637 327 824 392; x_wconf 79' lang='grc' dir='ltr'><strong><em>ετεοιιιιι</em></strong></span> <span class='ocrx_word' id='word_1_5' title='bbox 844 325 1130 388; x_wconf 79' lang='lat' dir='ltr'><strong>rsucuosnnsm</strong></span> 
     </span>
    </p>
   </div>
   <div class='ocr_carea' id='block_1_2' title="bbox 110 486 1523 4450">
    <p class='ocr_par' dir='ltr' id='par_1_2' title="bbox 167 486 1482 2416">
     <span class='ocr_line' id='line_1_2' title="bbox 292 486 1405 596; baseline -0.004 -25"><span class='ocrx_word' id='word_1_6' title='bbox 292 519 349 580; x_wconf 89' lang='grc' dir='ltr'><strong><em>σις</em></strong></span> <span class='ocrx_word' id='word_1_7' title='bbox 381 492 521 596; x_wconf 72' lang='grc' dir='ltr'><strong><em>γίνεται</em></strong></span> <span class='ocrx_word' id='word_1_8' title='bbox 554 497 632 577; x_wconf 84' lang='grc' dir='ltr'><strong><em>τοῖς</em></strong></span> <span class='ocrx_word' id='word_1_9' title='bbox 656 493 814 588; x_wconf 77' lang='grc' dir='ltr'><strong><em>Ἀχαιοῖς</em></strong></span> <span class='ocrx_word' id='word_1_10' title='bbox 848 489 931 589; x_wconf 76' lang='grc' dir='ltr'><strong><em>περὶ</em></strong></span> <span class='ocrx_word' id='word_1_11' title='bbox 962 498 1032 566; x_wconf 81' lang='grc' dir='ltr'><strong><em>τοῦ</em></strong></span> <span class='ocrx_word' id='word_1_12' title='bbox 1059 487 1234 587; x_wconf 78' lang='grc' dir='ltr'><strong><em>Θερσίτου</em></strong></span> <span class='ocrx_word' id='word_1_13' title='bbox 1267 486 1405 590; x_wconf 75' lang='grc' dir='ltr'><strong><em>φόνου.</em></strong></span> 
     </span>
     <span class='ocr_line' id='line_1_3' title="bbox 167 588 1409 692; baseline -0.002 -24"><span class='ocrx_word' id='word_1_14' title='bbox 167 679 168 690; x_wconf 17' lang='lat'>¹</span> <span class='ocrx_word' id='word_1_15' title='bbox 291 593 384 692; x_wconf 78' lang='grc' dir='ltr'><strong><em>μετὰ</em></strong></span> <span class='ocrx_word' id='word_1_16' title='bbox 409 593 451 670; x_wconf 78' lang='grc' dir='ltr'><strong><em>δὲ</em></strong></span> <span class='ocrx_word' id='word_1_17' title='bbox 475 601 595 670; x_wconf 84' lang='grc' dir='ltr'><strong><em>ταῦτα</em></strong></span> <span class='ocrx_word' id='word_1_18' title='bbox 612 592 792 690; x_wconf 76' lang='grc' dir='ltr'><strong><em>Ἀχιλλεὺς</em></strong></span> <span class='ocrx_word' id='word_1_19' title='bbox 816 597 868 676; x_wconf 75' lang='grc' dir='ltr'><strong><em>εἰς</em></strong></span> <span class='ocrx_word' id='word_1_20' title='bbox 890 591 1042 692; x_wconf 79' lang='grc' dir='ltr'><strong><em>Λέσβον</em></strong></span> <span class='ocrx_word' id='word_1_21' title='bbox 1066 596 1165 680; x_wconf 83' lang='grc' dir='ltr'><strong><em>πλεῖ,</em></strong></span> <span class='ocrx_word' id='word_1_22' title='bbox 1189 589 1254 666; x_wconf 81' lang='grc' dir='ltr'><strong><em>καί</em></strong></span> <span class='ocrx_word' id='word_1_23' title='bbox 1277 588 1409 676; x_wconf 60' lang='grc' dir='ltr'><strong><em>«λύσας</em></strong></span> 
     </span>
     <span class='ocr_line' id='line_1_4' title="bbox 284 690 1408 794; baseline -0.005 -21"><span class='ocrx_word' id='word_1_24' title='bbox 284 693 486 774; x_wconf 72' lang='grc' dir='ltr'><strong><em>Ἀπόλλωνι</em></strong></span> <span class='ocrx_word' id='word_1_25' title='bbox 505 695 568 771; x_wconf 81' lang='grc' dir='ltr'><strong><em>καὶ</em></strong></span> <span class='ocrx_word' id='word_1_26' title='bbox 586 693 771 794; x_wconf 79' lang='grc' dir='ltr'><strong><em>Ἀρτέμιδι</em></strong></span> <span class='ocrx_word' id='word_1_27' title='bbox 795 693 858 770; x_wconf 85' lang='grc' dir='ltr'><strong><em>καῖ</em></strong></span> <span class='ocrx_word' id='word_1_28' title='bbox 872 697 994 791; x_wconf 83' lang='grc' dir='ltr'><em>Λητοῖ</em></span> <span class='ocrx_word' id='word_1_29' title='bbox 1009 691 1231 789; x_wconf 77' lang='grc' dir='ltr'><strong><em>καθαίρεται</em></strong></span> <span class='ocrx_word' id='word_1_30' title='bbox 1247 701 1316 767; x_wconf 83' lang='grc' dir='ltr'><strong><em>τοῦ</em></strong></span> <span class='ocrx_word' id='word_1_31' title='bbox 1331 690 1408 792; x_wconf 82' lang='grc' dir='ltr'><strong><em>φό-</em></strong></span> 
     </span>
     <span class='ocr_line' id='line_1_5' title="bbox 291 793 1482 892; baseline -0.006 -14"><span class='ocrx_word' id='word_1_32' title='bbox 291 827 361 878; x_wconf 95' lang='grc' dir='ltr'><strong><em>νου</em></strong></span> <span class='ocrx_word' id='word_1_33' title='bbox 387 797 451 873; x_wconf 76' lang='grc' dir='ltr'><strong><em>ὑπ’</em></strong></span> <span class='ocrx_word' id='word_1_34' title='bbox 479 797 698 882; x_wconf 84' lang='grc' dir='ltr'><strong><em>Ὀδυσσέας.</em></strong></span> <span class='ocrx_word' id='word_1_35' title='bbox 750 797 923 892; x_wconf 81' lang='grc' dir='ltr'><em>Μέμνων</em></span> <span class='ocrx_word' id='word_1_36' title='bbox 947 793 989 870; x_wconf 79' lang='grc' dir='ltr'><strong><em>δὲ</em></strong></span> <span class='ocrx_word' id='word_1_37' title='bbox 1015 793 1035 870; x_wconf 84' lang='grc' dir='ltr'><em>ὃ</em></span> <span class='ocrx_word' id='word_1_38' title='bbox 1063 795 1181 878; x_wconf 81' lang='grc' dir='ltr'><strong><em>Ἠοῦς·</em></strong></span> <span class='ocrx_word' id='word_1_39' title='bbox 1200 793 1280 878; x_wconf 86' lang='grc' dir='ltr'><strong><em>υίὸς</em></strong></span> <span class='ocrx_word' id='word_1_40' title='bbox 1303 795 1408 890; x_wconf 62' lang='grc' dir='ltr'><strong><em>ἔχων</em></strong></span> <span class='ocrx_word' id='word_1_41' title='bbox 1477 794 1482 806; x_wconf 81' lang='grc'>’</span> 
     </span>
     <span class='ocr_line' id='line_1_6' title="bbox 291 894 1409 998; baseline -0.004 -24"><span class='ocrx_word' id='word_1_42' title='bbox 291 895 604 998; x_wconf 77' lang='grc' dir='ltr'><strong><em>ἡφαιστότευκτον</em></strong></span> <span class='ocrx_word' id='word_1_43' title='bbox 637 899 847 974; x_wconf 80' lang='grc' dir='ltr'><strong><em>πανοπλίαν</em></strong></span> <span class='ocrx_word' id='word_1_44' title='bbox 886 896 1128 998; x_wconf 79' lang='grc' dir='ltr'><strong><em>παραγίνεται</em></strong></span> <span class='ocrx_word' id='word_1_45' title='bbox 1166 900 1244 980; x_wconf 90' lang='grc' dir='ltr'><strong><em>τοῖς</em></strong></span> <span class='ocrx_word' id='word_1_46' title='bbox 1278 894 1409 991; x_wconf 79' lang='grc' dir='ltr'><strong><em>Τρωσί</em></strong></span> 
     </span>
     <span class='ocr_line' id='line_1_7' title="bbox 291 995 1408 1101; baseline -0.004 -24"><span class='ocrx_word' id='word_1_47' title='bbox 291 998 508 1101; x_wconf 79' lang='grc' dir='ltr'><strong><em>βοηθήσων.</em></strong></span> <span class='ocrx_word' id='word_1_48' title='bbox 548 999 611 1076; x_wconf 84' lang='grc' dir='ltr'><strong><em>καὶ</em></strong></span> <span class='ocrx_word' id='word_1_49' title='bbox 629 1000 729 1084; x_wconf 82' lang='grc' dir='ltr'><strong><em>Θέτις</em></strong></span> <span class='ocrx_word' id='word_1_50' title='bbox 752 1006 806 1097; x_wconf 83' lang='grc' dir='ltr'><strong><em>τῷ</em></strong></span> <span class='ocrx_word' id='word_1_51' title='bbox 832 998 938 1074; x_wconf 81' lang='grc' dir='ltr'><strong><em>παιδί</em></strong></span> <span class='ocrx_word' id='word_1_52' title='bbox 963 998 1010 1073; x_wconf 84' lang='grc' dir='ltr'><strong><em>τοὶ</em></strong></span> <span class='ocrx_word' id='word_1_53' title='bbox 1024 997 1119 1072; x_wconf 83' lang='grc' dir='ltr'><strong><em>κατὰ</em></strong></span> <span class='ocrx_word' id='word_1_54' title='bbox 1132 995 1200 1072; x_wconf 89' lang='grc' dir='ltr'><strong><em>τὸν</em></strong></span> <span class='ocrx_word' id='word_1_55' title='bbox 1214 996 1408 1091; x_wconf 79' lang='grc' dir='ltr'><strong><em>Μέμνονα</em></strong></span> 
     </span>
     <span class='ocr_line' id='line_1_8' title="bbox 291 1098 1408 1206; baseline -0.007 -26"><span class='ocrx_word' id='word_1_56' title='bbox 291 1104 468 1206; x_wconf 77' lang='grc' dir='ltr'><strong><em>προλέγει,</em></strong></span> <span class='ocrx_word' id='word_1_57' title='bbox 493 1101 556 1178; x_wconf 82' lang='grc' dir='ltr'><strong><em>καὶ</em></strong></span> <span class='ocrx_word' id='word_1_58' title='bbox 572 1103 786 1198; x_wconf 79' lang='grc' dir='ltr'><strong><em>συμβουλῆς</em></strong></span> <span class='ocrx_word' id='word_1_59' title='bbox 801 1100 998 1202; x_wconf 78' lang='grc' dir='ltr'><strong><em>γενομένης</em></strong></span> <span class='ocrx_word' id='word_1_60' title='bbox 1008 1099 1215 1193; x_wconf 74' lang='grc' dir='ltr'><strong><em>Ἀντίλοχος</em></strong></span> <span class='ocrx_word' id='word_1_61' title='bbox 1229 1098 1301 1174; x_wconf 82' lang='grc' dir='ltr'><strong><em>ὑπὸ</em></strong></span> <span class='ocrx_word' id='word_1_62' title='bbox 1318 1098 1408 1172; x_wconf 74' lang='grc' dir='ltr'><strong><em>Μέ·</em></strong></span> 
     </span>
     <span class='ocr_line' id='line_1_9' title="bbox 291 1197 1405 1302; baseline -0.008 -20"><span class='ocrx_word' id='word_1_63' title='bbox 291 1232 429 1302; x_wconf 88' lang='grc' dir='ltr'><strong><em>μνσνος</em></strong></span> <span class='ocrx_word' id='word_1_64' title='bbox 454 1204 668 1300; x_wconf 80' lang='grc' dir='ltr'><strong><em>ἀναιρεῖται.</em></strong></span> <span class='ocrx_word' id='word_1_65' title='bbox 708 1203 829 1278; x_wconf 80' lang='grc' dir='ltr'><strong><em>ἔπειτα</em></strong></span> <span class='ocrx_word' id='word_1_66' title='bbox 848 1199 1029 1296; x_wconf 80' lang='grc' dir='ltr'><strong><em>Ἀχιλλεὺς</em></strong></span> <span class='ocrx_word' id='word_1_67' title='bbox 1044 1201 1230 1294; x_wconf 86' lang='grc' dir='ltr'><strong><em>Μέμνονα</em></strong></span> <span class='ocrx_word' id='word_1_68' title='bbox 1251 1197 1405 1275; x_wconf 83' lang='grc' dir='ltr'><strong><em>κτείνει·</em></strong></span> 
     </span>
     <span class='ocr_line' id='line_1_10' title="bbox 290 1301 1406 1404; baseline -0.006 -22"><span class='ocrx_word' id='word_1_69' title='bbox 290 1305 354 1382; x_wconf 77' lang='grc' dir='ltr'><strong><em>καί</em></strong></span> <span class='ocrx_word' id='word_1_70' title='bbox 385 1301 506 1401; x_wconf 84' lang='grc' dir='ltr'><strong><em>τούτῳ</em></strong></span> <span class='ocrx_word' id='word_1_71' title='bbox 538 1302 608 1400; x_wconf 71' lang='grc' dir='ltr'><strong><em>μὲν</em></strong></span> <span class='ocrx_word' id='word_1_72' title='bbox 632 1303 730 1388; x_wconf 67' lang='lat' dir='ltr'><strong>&#39;Huic</strong></span> <span class='ocrx_word' id='word_1_73' title='bbox 761 1303 863 1404; x_wconf 78' lang='grc' dir='ltr'><strong><em>παρὰ</em></strong></span> <span class='ocrx_word' id='word_1_74' title='bbox 887 1303 976 1388; x_wconf 87' lang='grc' dir='ltr'><strong><em>Διὸς</em></strong></span> <span class='ocrx_word' id='word_1_75' title='bbox 1001 1301 1225 1398; x_wconf 89' lang='grc' dir='ltr'><strong><em>αλτησαμένη</em></strong></span> <span class='ocrx_word' id='word_1_76' title='bbox 1251 1302 1406 1377; x_wconf 81' lang='grc' dir='ltr'><strong><em>ἀθανα-</em></strong></span> 
     </span>
     <span class='ocr_line' id='line_1_11' title="bbox 292 1401 1406 1505; baseline -0.004 -22"><span class='ocrx_word' id='word_1_77' title='bbox 292 1408 379 1484; x_wconf 88' lang='grc' dir='ltr'><strong><em>σίαν</em></strong></span> <span class='ocrx_word' id='word_1_78' title='bbox 404 1403 551 1494; x_wconf 79' lang='grc' dir='ltr'><strong><em>δίδωσι,</em></strong></span> <span class='ocrx_word' id='word_1_79' title='bbox 576 1402 805 1505; x_wconf 81' lang='grc' dir='ltr'><strong><em>τρεψάμενος</em></strong></span> <span class='ocrx_word' id='word_1_80' title='bbox 829 1403 866 1480; x_wconf 81' lang='grc' dir='ltr'><strong><em>δ</em></strong></span> <span class='ocrx_word' id='word_1_81' title='bbox 889 1402 1070 1500; x_wconf 78' lang='grc' dir='ltr'><strong><em>Ἀχιλλεὺς</em></strong></span> <span class='ocrx_word' id='word_1_82' title='bbox 1091 1402 1179 1486; x_wconf 81' lang='grc' dir='ltr'><strong><em>τοὺς</em></strong></span> <span class='ocrx_word' id='word_1_83' title='bbox 1196 1409 1327 1499; x_wconf 73' lang='grc' dir='ltr'><strong><em>Τρῶας</em></strong></span> <span class='ocrx_word' id='word_1_84' title='bbox 1340 1401 1406 1478; x_wconf 83' lang='grc' dir='ltr'><strong><em>καῖ</em></strong></span> 
     </span>
     <span class='ocr_line' id='line_1_12' title="bbox 291 1501 1407 1605; baseline -0.005 -21"><span class='ocrx_word' id='word_1_85' title='bbox 291 1515 342 1592; x_wconf 78' lang='grc' dir='ltr'><strong><em>είς</em></strong></span> <span class='ocrx_word' id='word_1_86' title='bbox 373 1501 442 1605; x_wconf 78' lang='grc' dir='ltr'><strong><em>τὴν</em></strong></span> <span class='ocrx_word' id='word_1_87' title='bbox 474 1505 582 1583; x_wconf 86' lang='grc' dir='ltr'><strong><em>πόλιν</em></strong></span> <span class='ocrx_word' id='word_1_88' title='bbox 615 1506 788 1592; x_wconf 74' lang='grc' dir='ltr'><strong><em>εῖςπεσαλν</em></strong></span> <span class='ocrx_word' id='word_1_89' title='bbox 812 1506 884 1586; x_wconf 81' lang='grc' dir='ltr'><strong><em>ὑπὸ</em></strong></span> <span class='ocrx_word' id='word_1_90' title='bbox 911 1503 1080 1604; x_wconf 76' lang='grc' dir='ltr'><strong><em>Ποίριδος</em></strong></span> <span class='ocrx_word' id='word_1_91' title='bbox 1110 1505 1316 1600; x_wconf 80' lang='grc' dir='ltr'><strong><em>ἀναιρεῖται</em></strong></span> <span class='ocrx_word' id='word_1_92' title='bbox 1341 1503 1407 1580; x_wconf 80' lang='grc' dir='ltr'><strong><em>καὶ</em></strong></span> 
     </span>
     <span class='ocr_line' id='line_1_13' title="bbox 284 1605 1423 1709; baseline -0.004 -24"><span class='ocrx_word' id='word_1_93' title='bbox 284 1606 531 1698; x_wconf 76' lang='grc' dir='ltr'><strong><em>Ἀπόλλωνος,</em></strong></span> <span class='ocrx_word' id='word_1_94' title='bbox 564 1607 627 1684; x_wconf 83' lang='grc' dir='ltr'><strong><em>καί</em></strong></span> <span class='ocrx_word' id='word_1_95' title='bbox 651 1608 734 1707; x_wconf 82' lang='grc' dir='ltr'><strong><em>περὶ</em></strong></span> <span class='ocrx_word' id='word_1_96' title='bbox 764 1617 832 1684; x_wconf 78' lang='grc' dir='ltr'><strong><em>τοῦ</em></strong></span> <span class='ocrx_word' id='word_1_97' title='bbox 857 1605 1053 1704; x_wconf 78' lang='grc' dir='ltr'><strong><em>πτώματος</em></strong></span> <span class='ocrx_word' id='word_1_98' title='bbox 1076 1608 1274 1709; x_wconf 75' lang='grc' dir='ltr'><strong><em>γενομένης</em></strong></span> <span class='ocrx_word' id='word_1_99' title='bbox 1298 1611 1423 1701; x_wconf 79' lang='grc' dir='ltr'><strong><em>ἰσχυ-Ι</em></strong></span> 
     </span>
     <span class='ocr_line' id='line_1_14' title="bbox 292 1707 1405 1808; baseline -0.005 -22"><span class='ocrx_word' id='word_1_100' title='bbox 292 1720 361 1808; x_wconf 81' lang='grc' dir='ltr'><strong><em>ροῖς</em></strong></span> <span class='ocrx_word' id='word_1_101' title='bbox 394 1708 518 1808; x_wconf 75' lang='grc' dir='ltr'><strong><em>μάχης</em></strong></span> <span class='ocrx_word' id='word_1_102' title='bbox 544 1715 640 1794; x_wconf 81' lang='grc' dir='ltr'><strong><em>Αἴας</em></strong></span> <span class='ocrx_word' id='word_1_103' title='bbox 674 1707 893 1804; x_wconf 80' lang='grc' dir='ltr'><strong><em>ἀνελόμενος</em></strong></span> <span class='ocrx_word' id='word_1_104' title='bbox 930 1708 989 1786; x_wconf 77' lang='grc' dir='ltr'><strong><em>ἐπὶ</em></strong></span> <span class='ocrx_word' id='word_1_105' title='bbox 1021 1708 1105 1793; x_wconf 78' lang='grc' dir='ltr'><strong><em>τοῖςΙ</em></strong></span> <span class='ocrx_word' id='word_1_106' title='bbox 1125 1716 1218 1790; x_wconf 82' lang='grc' dir='ltr'><strong><em>ναῦς</em></strong></span> <span class='ocrx_word' id='word_1_107' title='bbox 1249 1707 1405 1802; x_wconf 82' lang='grc' dir='ltr'><strong><em>κομίζει,</em></strong></span> 
     </span>
     <span class='ocr_line' id='line_1_15' title="bbox 284 1808 1406 1909; baseline -0.005 -20"><span class='ocrx_word' id='word_1_108' title='bbox 284 1813 497 1896; x_wconf 75' lang='grc' dir='ltr'><strong><em>Ὀδυσσέως</em></strong></span> <span class='ocrx_word' id='word_1_109' title='bbox 521 1812 809 1909; x_wconf 85' lang='grc' dir='ltr'><strong><em>ἀπομαχομένου</em></strong></span> <span class='ocrx_word' id='word_1_110' title='bbox 834 1819 910 1897; x_wconf 90' lang='grc' dir='ltr'><strong><em>τοῖς</em></strong></span> <span class='ocrx_word' id='word_1_111' title='bbox 935 1813 1091 1906; x_wconf 79' lang='grc' dir='ltr'><strong><em>Τρωσίν.</em></strong></span> <span class='ocrx_word' id='word_1_112' title='bbox 1143 1811 1265 1883; x_wconf 76' lang='grc' dir='ltr'><strong><em>ἔπειτα</em></strong></span> <span class='ocrx_word' id='word_1_113' title='bbox 1282 1808 1406 1884; x_wconf 75' lang='grc' dir='ltr'><strong><em>Ἀντί-</em></strong></span> 
     </span>
     <span class='ocr_line' id='line_1_16' title="bbox 294 1909 1406 2010; baseline -0.006 -20"><span class='ocrx_word' id='word_1_114' title='bbox 294 1911 404 2010; x_wconf 83' lang='grc' dir='ltr'><strong><em>λοχόν</em></strong></span> <span class='ocrx_word' id='word_1_115' title='bbox 428 1941 467 1989; x_wconf 90' lang='grc' dir='ltr'><strong><em>τε</em></strong></span> <span class='ocrx_word' id='word_1_116' title='bbox 492 1911 682 1988; x_wconf 78' lang='grc' dir='ltr'><strong><em>Θάπτουσι</em></strong></span> <span class='ocrx_word' id='word_1_117' title='bbox 706 1914 857 1990; x_wconf 76' lang='grc' dir='ltr'><strong><em>καὶτὸν</em></strong></span> <span class='ocrx_word' id='word_1_118' title='bbox 872 1913 1005 2010; x_wconf 80' lang='grc' dir='ltr'><strong><em>νεκρὸν</em></strong></span> <span class='ocrx_word' id='word_1_119' title='bbox 1025 1920 1092 1988; x_wconf 86' lang='grc' dir='ltr'><strong><em>τοῦ</em></strong></span> <span class='ocrx_word' id='word_1_120' title='bbox 1110 1909 1300 2008; x_wconf 81' lang='grc' dir='ltr'><strong><em>Ἀχιλλέως</em></strong></span> <span class='ocrx_word' id='word_1_121' title='bbox 1313 1939 1406 2008; x_wconf 80' lang='grc' dir='ltr'><strong><em>προ-</em></strong></span> 
     </span>
     <span class='ocr_line' id='line_1_17' title="bbox 267 2007 1406 2112; baseline -0.004 -24"><span class='ocrx_word' id='word_1_122' title='bbox 267 2007 472 2091; x_wconf 61' lang='lat' dir='ltr'><strong>‘intuemur</strong></span> <span class='ocrx_word' id='word_1_123' title='bbox 523 2014 586 2089; x_wconf 86' lang='grc' dir='ltr'><strong><em>καί</em></strong></span> <span class='ocrx_word' id='word_1_124' title='bbox 614 2015 714 2097; x_wconf 81' lang='grc' dir='ltr'><strong><em>Θέτις</em></strong></span> <span class='ocrx_word' id='word_1_125' title='bbox 739 2016 942 2112; x_wconf 83' lang='grc' dir='ltr'><strong><em>ἀφικομένη</em></strong></span> <span class='ocrx_word' id='word_1_126' title='bbox 969 2013 1040 2090; x_wconf 81' lang='grc' dir='ltr'><strong><em>σὺν</em></strong></span> <span class='ocrx_word' id='word_1_127' title='bbox 1054 2009 1229 2095; x_wconf 84' lang='grc' dir='ltr'><strong><em>Μούσαις</em></strong></span> <span class='ocrx_word' id='word_1_128' title='bbox 1245 2010 1309 2086; x_wconf 81' lang='grc' dir='ltr'><strong><em>καί</em></strong></span> <span class='ocrx_word' id='word_1_129' title='bbox 1323 2016 1406 2096; x_wconf 89' lang='grc' dir='ltr'><strong><em>ταῖς</em></strong></span> 
     </span>
     <span class='ocr_line' id='line_1_18' title="bbox 292 2113 1405 2212; baseline -0.003 -23"><span class='ocrx_word' id='word_1_130' title='bbox 292 2113 471 2212; x_wconf 74' lang='grc' dir='ltr'><strong><em>ἀδελφαῖς</em></strong></span> <span class='ocrx_word' id='word_1_131' title='bbox 495 2118 631 2212; x_wconf 80' lang='grc' dir='ltr'><strong><em>θρηνεῖ</em></strong></span> <span class='ocrx_word' id='word_1_132' title='bbox 652 2114 720 2189; x_wconf 87' lang='grc' dir='ltr'><strong><em>τὸν</em></strong></span> <span class='ocrx_word' id='word_1_133' title='bbox 744 2115 871 2190; x_wconf 90' lang='grc' dir='ltr'><strong><em>παῖδα.</em></strong></span> <span class='ocrx_word' id='word_1_134' title='bbox 923 2115 986 2188; x_wconf 82' lang='grc' dir='ltr'><strong><em>καί</em></strong></span> <span class='ocrx_word' id='word_1_135' title='bbox 1014 2115 1107 2210; x_wconf 83' lang='grc' dir='ltr'><strong><em>μετὰ</em></strong></span> <span class='ocrx_word' id='word_1_136' title='bbox 1131 2122 1251 2188; x_wconf 82' lang='grc' dir='ltr'><strong><em>ταῦτα</em></strong></span> <span class='ocrx_word' id='word_1_137' title='bbox 1276 2117 1317 2187; x_wconf 79' lang='grc' dir='ltr'><strong><em>ἐκ</em></strong></span> <span class='ocrx_word' id='word_1_138' title='bbox 1341 2121 1405 2210; x_wconf 82' lang='grc' dir='ltr'><strong><em>τῆς</em></strong></span> 
     </span>
     <span class='ocr_line' id='line_1_19' title="bbox 292 2214 1406 2318; baseline -0.004 -26"><span class='ocrx_word' id='word_1_139' title='bbox 292 2216 459 2318; x_wconf 79' lang='grc' dir='ltr'><strong><em>πυσᾶςηι</em></strong></span> <span class='ocrx_word' id='word_1_140' title='bbox 488 2215 589 2300; x_wconf 87' lang='grc' dir='ltr'><strong><em>Θέτις</em></strong></span> <span class='ocrx_word' id='word_1_141' title='bbox 613 2214 861 2310; x_wconf 78' lang='grc' dir='ltr'><strong><em>ἀνασσείσασα</em></strong></span> <span class='ocrx_word' id='word_1_142' title='bbox 895 2215 962 2291; x_wconf 87' lang='grc' dir='ltr'><strong><em>τὸν</em></strong></span> <span class='ocrx_word' id='word_1_143' title='bbox 994 2216 1110 2293; x_wconf 91' lang='grc' dir='ltr'><strong><em>παῖδα</em></strong></span> <span class='ocrx_word' id='word_1_144' title='bbox 1136 2220 1187 2299; x_wconf 82' lang='grc' dir='ltr'><strong><em>είς</em></strong></span> <span class='ocrx_word' id='word_1_145' title='bbox 1211 2214 1280 2312; x_wconf 84' lang='grc' dir='ltr'><strong><em>τὴν</em></strong></span> <span class='ocrx_word' id='word_1_146' title='bbox 1304 2218 1406 2288; x_wconf 83' lang='grc' dir='ltr'><strong><em>Λευ-</em></strong></span> 
     </span>
     <span class='ocr_line' id='line_1_20' title="bbox 291 2312 1405 2416; baseline -0.004 -22"><span class='ocrx_word' id='word_1_147' title='bbox 291 2316 361 2413; x_wconf 76' lang='grc' dir='ltr'><strong><em>κὴν</em></strong></span> <span class='ocrx_word' id='word_1_148' title='bbox 391 2327 507 2416; x_wconf 81' lang='grc' dir='ltr'><strong><em>νῆσον</em></strong></span> <span class='ocrx_word' id='word_1_149' title='bbox 533 2317 747 2414; x_wconf 82' lang='grc' dir='ltr'><strong><em>διακομίζει.</em></strong></span> <span class='ocrx_word' id='word_1_150' title='bbox 799 2320 833 2392; x_wconf 86' lang='grc' dir='ltr'><strong><em>οἱ</em></strong></span> <span class='ocrx_word' id='word_1_151' title='bbox 860 2316 901 2395; x_wconf 80' lang='grc' dir='ltr'><strong><em>δὲ</em></strong></span> <span class='ocrx_word' id='word_1_152' title='bbox 926 2318 1066 2413; x_wconf 80' lang='grc' dir='ltr'><strong><em>Ἀχαιοί</em></strong></span> <span class='ocrx_word' id='word_1_153' title='bbox 1090 2317 1158 2392; x_wconf 87' lang='grc' dir='ltr'><strong><em>τὸν</em></strong></span> <span class='ocrx_word' id='word_1_154' title='bbox 1182 2313 1306 2414; x_wconf 77' lang='grc' dir='ltr'><strong><em>τάφον</em></strong></span> <span class='ocrx_word' id='word_1_155' title='bbox 1328 2312 1405 2412; x_wconf 87' lang='grc' dir='ltr'><strong><em>χαί-</em></strong></span> 
     </span>
    </p>

    <p class='ocr_par' dir='ltr' id='par_1_3' title="bbox 238 2417 1407 3026">
     <span class='ocr_line' id='line_1_21' title="bbox 238 2417 1406 2523; baseline -0.001 -28"><span class='ocrx_word' id='word_1_156' title='bbox 238 2490 241 2495; x_wconf 26' lang='lat'><em>1</em></span> <span class='ocrx_word' id='word_1_157' title='bbox 293 2443 423 2504; x_wconf 86' lang='grc' dir='ltr'><strong><em>σαντες</em></strong></span> <span class='ocrx_word' id='word_1_158' title='bbox 447 2419 578 2523; x_wconf 65' lang='grc' dir='ltr'><strong><em>ἀγῶνα</em></strong></span> <span class='ocrx_word' id='word_1_159' title='bbox 603 2419 762 2510; x_wconf 76' lang='grc' dir='ltr'><strong><em>τιθέασι,</em></strong></span> <span class='ocrx_word' id='word_1_160' title='bbox 787 2419 953 2517; x_wconf 80' lang='grc' dir='ltr'><strong><em>καὶπερὶ</em></strong></span> <span class='ocrx_word' id='word_1_161' title='bbox 974 2429 1052 2495; x_wconf 86' lang='grc' dir='ltr'><strong><em>τῶν</em></strong></span> <span class='ocrx_word' id='word_1_162' title='bbox 1069 2419 1258 2514; x_wconf 77' lang='grc' dir='ltr'><strong><em>Ἀχιλλέως</em></strong></span> <span class='ocrx_word' id='word_1_163' title='bbox 1280 2417 1406 2494; x_wconf 82' lang='grc' dir='ltr'><strong><em>ὅπλων</em></strong></span> 
     </span>
     <span class='ocr_line' id='line_1_22' title="bbox 285 2518 1406 2616; baseline -0.004 -19"><span class='ocrx_word' id='word_1_164' title='bbox 285 2521 463 2597; x_wconf 80' lang='grc' dir='ltr'><strong><em>Ὀδυσσεῖ</em></strong></span> <span class='ocrx_word' id='word_1_165' title='bbox 485 2521 548 2596; x_wconf 80' lang='grc' dir='ltr'><strong><em>καὶ</em></strong></span> <span class='ocrx_word' id='word_1_166' title='bbox 564 2526 698 2596; x_wconf 87' lang='grc' dir='ltr'><strong><em>Αἴαντι</em></strong></span> <span class='ocrx_word' id='word_1_167' title='bbox 724 2518 851 2612; x_wconf 78' lang='grc' dir='ltr'><strong><em>στάσις</em></strong></span> <span class='ocrx_word' id='word_1_168' title='bbox 871 2519 1052 2616; x_wconf 62' lang='grc' dir='ltr'><strong><em>«ἐμπίπτει.</em></strong></span> <span class='ocrx_word' id='word_1_169' title='bbox 1103 2521 1161 2595; x_wconf 79' lang='lat' dir='ltr'><strong><em>Ex</em></strong></span> <span class='ocrx_word' id='word_1_170' title='bbox 1187 2523 1238 2596; x_wconf 90' lang='lat' dir='ltr'><strong><em>his</em></strong></span> <span class='ocrx_word' id='word_1_171' title='bbox 1254 2519 1317 2592; x_wconf 80' lang='lat' dir='ltr'><strong><em>Fr.</em></strong></span> <span class='ocrx_word' id='word_1_172' title='bbox 1333 2521 1406 2593; x_wconf 81' lang='lat' dir='ltr'><strong><em>Tu.</em></strong></span> 
     </span>
     <span class='ocr_line' id='line_1_23' title="bbox 293 2623 1406 2724; baseline 0.001 -30"><span class='ocrx_word' id='word_1_173' title='bbox 293 2624 497 2697; x_wconf 76' lang='lat' dir='ltr'><strong>Welekerun</strong></span> <span class='ocrx_word' id='word_1_174' title='bbox 523 2626 557 2696; x_wconf 92' lang='lat' dir='ltr'><strong><em>in</em></strong></span> <span class='ocrx_word' id='word_1_175' title='bbox 585 2624 741 2719; x_wconf 74' lang='lat' dir='ltr'><strong>Trilngia</strong></span> <span class='ocrx_word' id='word_1_176' title='bbox 766 2649 799 2724; x_wconf 80' lang='lat' dir='ltr'><strong><em>p.</em></strong></span> <span class='ocrx_word' id='word_1_177' title='bbox 826 2628 914 2700; x_wconf 86' lang='lat'><strong>430.</strong></span> <span class='ocrx_word' id='word_1_178' title='bbox 941 2650 1033 2722; x_wconf 71' lang='lat' dir='ltr'><strong>seqq.</strong></span> <span class='ocrx_word' id='word_1_179' title='bbox 1067 2623 1233 2721; x_wconf 83' lang='lat' dir='ltr'><strong>trilugiam</strong></span> <span class='ocrx_word' id='word_1_180' title='bbox 1268 2647 1406 2720; x_wconf 80' lang='lat' dir='ltr'><strong>eampu-</strong></span> 
     </span>
     <span class='ocr_line' id='line_1_24' title="bbox 294 2721 1406 2822; baseline 0 -24"><span class='ocrx_word' id='word_1_181' title='bbox 294 2727 373 2817; x_wconf 83' lang='lat' dir='ltr'>suit,</span> <span class='ocrx_word' id='word_1_182' title='bbox 400 2728 492 2798; x_wconf 84' lang='lat' dir='ltr'><strong>euius</strong></span> <span class='ocrx_word' id='word_1_183' title='bbox 518 2727 623 2822; x_wconf 83' lang='lat' dir='ltr'><strong>prima</strong></span> <span class='ocrx_word' id='word_1_184' title='bbox 648 2726 758 2796; x_wconf 82' lang='lat' dir='ltr'><strong>sabula</strong></span> <span class='ocrx_word' id='word_1_185' title='bbox 783 2727 882 2798; x_wconf 81' lang='lat' dir='ltr'><strong>suerit</strong></span> <span class='ocrx_word' id='word_1_186' title='bbox 908 2751 959 2817; x_wconf 81' lang='lat' dir='ltr'><strong><em>ee,</em></strong></span> <span class='ocrx_word' id='word_1_187' title='bbox 988 2751 1069 2822; x_wconf 85' lang='lat' dir='ltr'><strong>quae</strong></span> <span class='ocrx_word' id='word_1_188' title='bbox 1096 2726 1184 2798; x_wconf 82' lang='lat' dir='ltr'><strong>dieta</strong></span> <span class='ocrx_word' id='word_1_189' title='bbox 1210 2736 1262 2796; x_wconf 88' lang='lat' dir='ltr'><strong><em>est</em></strong></span> <span class='ocrx_word' id='word_1_190' title='bbox 1291 2721 1406 2808; x_wconf 85' lang='grc' dir='ltr'><strong><em>Τοξό-</em></strong></span> 
     </span>
     <span class='ocr_line' id='line_1_25' title="bbox 293 2825 1405 2925; baseline -0.003 -24"><span class='ocrx_word' id='word_1_191' title='bbox 293 2825 402 2914; x_wconf 89' lang='grc' dir='ltr'><strong><em>τιδες,</em></strong></span> <span class='ocrx_word' id='word_1_192' title='bbox 428 2851 563 2925; x_wconf 87' lang='lat' dir='ltr'><strong>eamque</strong></span> <span class='ocrx_word' id='word_1_193' title='bbox 590 2828 686 2900; x_wconf 87' lang='lat' dir='ltr'><strong>etiam</strong></span> <span class='ocrx_word' id='word_1_194' title='bbox 711 2827 943 2900; x_wconf 86' lang='lat' dir='ltr'><strong>Penthesileae</strong></span> <span class='ocrx_word' id='word_1_195' title='bbox 970 2848 1096 2900; x_wconf 85' lang='lat' dir='ltr'><strong>numen</strong></span> <span class='ocrx_word' id='word_1_196' title='bbox 1112 2826 1285 2917; x_wconf 85' lang='lat' dir='ltr'><strong>habuisse,</strong></span> <span class='ocrx_word' id='word_1_197' title='bbox 1312 2827 1405 2898; x_wconf 87' lang='lat' dir='ltr'><strong>nulla</strong></span> 
     </span>
     <span class='ocr_line' id='line_1_26' title="bbox 295 2927 1407 3026; baseline -0.002 -26"><span class='ocrx_word' id='word_1_198' title='bbox 295 2928 425 3026; x_wconf 88' lang='lat' dir='ltr'><strong>quidem</strong></span> <span class='ocrx_word' id='word_1_199' title='bbox 451 2939 598 3021; x_wconf 84' lang='lat' dir='ltr'><strong>auctore,</strong></span> <span class='ocrx_word' id='word_1_200' title='bbox 632 2929 795 3000; x_wconf 81' lang='lat' dir='ltr'><strong>affirmat:</strong></span> <span class='ocrx_word' id='word_1_201' title='bbox 828 2929 904 3002; x_wconf 88' lang='lat' dir='ltr'><strong>inde</strong></span> <span class='ocrx_word' id='word_1_202' title='bbox 931 2931 1086 3020; x_wconf 82' lang='lat' dir='ltr'><strong>coniicit,</strong></span> <span class='ocrx_word' id='word_1_203' title='bbox 1120 2953 1184 3025; x_wconf 87' lang='lat' dir='ltr'><strong><em>quo</em></strong></span> <span class='ocrx_word' id='word_1_204' title='bbox 1210 2927 1307 3002; x_wconf 87' lang='lat' dir='ltr'><strong>made</strong></span> <span class='ocrx_word' id='word_1_205' title='bbox 1334 2937 1407 3000; x_wconf 87' lang='lat' dir='ltr'><strong>tra-</strong></span> 
     </span>
    </p>

    <p class='ocr_par' dir='ltr' id='par_1_4' title="bbox 236 3029 1407 3432">
     <span class='ocr_line' id='line_1_27' title="bbox 236 3029 1406 3134; baseline -0.003 -32"><span class='ocrx_word' id='word_1_206' title='bbox 236 3103 242 3112; x_wconf 56' lang='lat'><em>„</em></span> <span class='ocrx_word' id='word_1_207' title='bbox 295 3031 434 3102; x_wconf 85' lang='lat' dir='ltr'><strong>etauerit</strong></span> <span class='ocrx_word' id='word_1_208' title='bbox 459 3055 528 3101; x_wconf 88' lang='lat' dir='ltr'><strong><em>eam</em></strong></span> <span class='ocrx_word' id='word_1_209' title='bbox 556 3056 622 3102; x_wconf 86' lang='lat' dir='ltr'><strong><em>rem</em></strong></span> <span class='ocrx_word' id='word_1_210' title='bbox 641 3031 838 3125; x_wconf 74' lang='lat' dir='ltr'><strong>Aeschylus,</strong></span> <span class='ocrx_word' id='word_1_211' title='bbox 866 3031 1006 3134; x_wconf 84' lang='lat' dir='ltr'><strong>quidque</strong></span> <span class='ocrx_word' id='word_1_212' title='bbox 1032 3031 1139 3128; x_wconf 82' lang='lat' dir='ltr'><strong>egerit</strong></span> <span class='ocrx_word' id='word_1_213' title='bbox 1164 3029 1283 3102; x_wconf 81' lang='lat' dir='ltr'><strong>chorus</strong></span> <span class='ocrx_word' id='word_1_214' title='bbox 1300 3031 1406 3099; x_wconf 82' lang='lat' dir='ltr'><strong>Amu-</strong></span> 
     </span>
     <span class='ocr_line' id='line_1_28' title="bbox 295 3126 1407 3230; baseline 0 -27"><span class='ocrx_word' id='word_1_215' title='bbox 295 3155 433 3221; x_wconf 84' lang='grc' dir='ltr'><strong><em>τοιιιιοι,</em></strong></span> <span class='ocrx_word' id='word_1_216' title='bbox 470 3126 685 3230; x_wconf 81' lang='grc' dir='ltr'><strong><em>πεζσφόροις</em></strong></span> <span class='ocrx_word' id='word_1_217' title='bbox 718 3129 886 3226; x_wconf 78' lang='grc' dir='ltr'><strong><em>ζώμασιν</em></strong></span> <span class='ocrx_word' id='word_1_218' title='bbox 917 3140 1071 3224; x_wconf 86' lang='lat' dir='ltr'><strong>ornatus,</strong></span> <span class='ocrx_word' id='word_1_219' title='bbox 1108 3152 1246 3229; x_wconf 85' lang='lat' dir='ltr'><strong>quarum</strong></span> <span class='ocrx_word' id='word_1_220' title='bbox 1275 3130 1310 3202; x_wconf 88' lang='lat' dir='ltr'><strong><em>in</em></strong></span> <span class='ocrx_word' id='word_1_221' title='bbox 1342 3131 1407 3203; x_wconf 81' lang='lat' dir='ltr'><strong>illa</strong></span> 
     </span>
     <span class='ocr_line' id='line_1_29' title="bbox 294 3231 1407 3328; baseline -0.001 -24"><span class='ocrx_word' id='word_1_222' title='bbox 294 3231 466 3328; x_wconf 83' lang='lat' dir='ltr'>tragoedia</span> <span class='ocrx_word' id='word_1_223' title='bbox 491 3256 564 3304; x_wconf 88' lang='lat' dir='ltr'><strong>esse</strong></span> <span class='ocrx_word' id='word_1_224' title='bbox 589 3233 785 3305; x_wconf 79' lang='lat' dir='ltr'><strong>mentionem</strong></span> <span class='ocrx_word' id='word_1_225' title='bbox 810 3233 930 3306; x_wconf 83' lang='lat' dir='ltr'><strong>saetam</strong></span> <span class='ocrx_word' id='word_1_226' title='bbox 956 3242 1096 3306; x_wconf 81' lang='lat' dir='ltr'><strong>cunstat.</strong></span> <span class='ocrx_word' id='word_1_227' title='bbox 1148 3234 1195 3305; x_wconf 84' lang='lat' dir='ltr'><strong><em>At</em></strong></span> <span class='ocrx_word' id='word_1_228' title='bbox 1217 3233 1332 3306; x_wconf 86' lang='lat' dir='ltr'><strong>herum</strong></span> <span class='ocrx_word' id='word_1_229' title='bbox 1352 3233 1407 3303; x_wconf 92' lang='lat' dir='ltr'><strong><em>ni-</em></strong></span> 
     </span>
     <span class='ocr_line' id='line_1_30' title="bbox 294 3333 1407 3432; baseline 0 -26"><span class='ocrx_word' id='word_1_230' title='bbox 294 3333 344 3406; x_wconf 85' lang='lat' dir='ltr'><strong><em>hil</em></strong></span> <span class='ocrx_word' id='word_1_231' title='bbox 370 3357 479 3405; x_wconf 87' lang='lat' dir='ltr'><strong>verum</strong></span> <span class='ocrx_word' id='word_1_232' title='bbox 505 3343 569 3407; x_wconf 82' lang='lat' dir='ltr'><strong>est.</strong></span> <span class='ocrx_word' id='word_1_233' title='bbox 619 3333 704 3407; x_wconf 86' lang='lat' dir='ltr'><strong><em>Nam</em></strong></span> <span class='ocrx_word' id='word_1_234' title='bbox 736 3359 842 3432; x_wconf 84' lang='lat' dir='ltr'><strong>neque</strong></span> <span class='ocrx_word' id='word_1_235' title='bbox 873 3337 908 3408; x_wconf 91' lang='lat' dir='ltr'><strong><em>iu</em></strong></span> <span class='ocrx_word' id='word_1_236' title='bbox 940 3336 1038 3410; x_wconf 83' lang='lat' dir='ltr'><strong>rebus</strong></span> <span class='ocrx_word' id='word_1_237' title='bbox 1066 3334 1246 3432; x_wconf 78' lang='lat' dir='ltr'>Troianis,</span> <span class='ocrx_word' id='word_1_238' title='bbox 1283 3333 1407 3406; x_wconf 80' lang='lat' dir='ltr'><strong>sedin</strong></span> 
     </span>
    </p>

    <p class='ocr_par' dir='ltr' id='par_1_5' title="bbox 251 3435 1523 3840">
     <span class='ocr_line' id='line_1_31' title="bbox 251 3435 1523 3534; baseline -0.001 -27"><span class='ocrx_word' id='word_1_239' title='bbox 251 3463 252 3468; x_wconf 46' lang='lat'>¹</span> <span class='ocrx_word' id='word_1_240' title='bbox 294 3435 425 3508; x_wconf 85' lang='lat' dir='ltr'><strong>funeste</strong></span> <span class='ocrx_word' id='word_1_241' title='bbox 451 3437 543 3508; x_wconf 81' lang='lat' dir='ltr'><strong>exitu</strong></span> <span class='ocrx_word' id='word_1_242' title='bbox 564 3437 898 3530; x_wconf 71' lang='lat' dir='ltr'><strong>Actaeonisiahulae</strong></span> <span class='ocrx_word' id='word_1_243' title='bbox 916 3438 1014 3510; x_wconf 88' lang='lat' dir='ltr'><strong>illius</strong></span> <span class='ocrx_word' id='word_1_244' title='bbox 1040 3444 1266 3534; x_wconf 82' lang='lat' dir='ltr'><strong>argumentum</strong></span> <span class='ocrx_word' id='word_1_245' title='bbox 1292 3459 1407 3508; x_wconf 83' lang='lat' dir='ltr'><strong>versa·</strong></span> <span class='ocrx_word' id='word_1_246' title='bbox 1522 3517 1523 3534; x_wconf 16' lang='grc' dir='ltr'>ᾖ</span> 
     </span>
     <span class='ocr_line' id='line_1_32' title="bbox 295 3537 1523 3635; baseline 0 -27"><span class='ocrx_word' id='word_1_247' title='bbox 295 3545 364 3610; x_wconf 83' lang='lat' dir='ltr'><strong><em>tum</em></strong></span> <span class='ocrx_word' id='word_1_248' title='bbox 389 3561 462 3610; x_wconf 87' lang='lat' dir='ltr'><strong>esse</strong></span> <span class='ocrx_word' id='word_1_249' title='bbox 489 3538 676 3611; x_wconf 86' lang='lat' dir='ltr'><strong>testimonia</strong></span> <span class='ocrx_word' id='word_1_250' title='bbox 703 3539 905 3634; x_wconf 82' lang='lat' dir='ltr'><strong><em>grammatici</em></strong></span> <span class='ocrx_word' id='word_1_251' title='bbox 932 3539 964 3610; x_wconf 91' lang='lat' dir='ltr'><strong><em>iu</em></strong></span> <span class='ocrx_word' id='word_1_252' title='bbox 990 3539 1140 3612; x_wconf 88' lang='lat' dir='ltr'><strong>Bekkari</strong></span> <span class='ocrx_word' id='word_1_253' title='bbox 1159 3537 1344 3613; x_wconf 84' lang='lat' dir='ltr'><strong>Aneedntis</strong></span> <span class='ocrx_word' id='word_1_254' title='bbox 1370 3563 1406 3635; x_wconf 82' lang='lat' dir='ltr'><strong><em>p.</em></strong></span> <span class='ocrx_word' id='word_1_255' title='bbox 1522 3607 1523 3632; x_wconf 21' lang='grc' dir='ltr'>ἶ</span> 
     </span>
     <span class='ocr_line' id='line_1_33' title="bbox 296 3635 1523 3732; baseline -0.001 -21"><span class='ocrx_word' id='word_1_256' title='bbox 296 3641 382 3712; x_wconf 84' lang='grc'><strong>351.</strong></span> <span class='ocrx_word' id='word_1_257' title='bbox 409 3649 549 3732; x_wconf 79' lang='lat' dir='ltr'><strong>cunstat,</strong></span> <span class='ocrx_word' id='word_1_258' title='bbox 576 3665 637 3711; x_wconf 85' lang='lat' dir='ltr'><strong><em>nee</em></strong></span> <span class='ocrx_word' id='word_1_259' title='bbox 667 3635 853 3724; x_wconf 84' lang='grc' dir='ltr'><strong><em>Τοξότιδες</em></strong></span> <span class='ocrx_word' id='word_1_260' title='bbox 876 3641 960 3714; x_wconf 88' lang='lat' dir='ltr'><strong>istae</strong></span> <span class='ocrx_word' id='word_1_261' title='bbox 986 3649 1080 3713; x_wconf 85' lang='lat' dir='ltr'><strong>erant</strong></span> <span class='ocrx_word' id='word_1_262' title='bbox 1104 3641 1312 3731; x_wconf 79' lang='lat' dir='ltr'><strong>Amazones,</strong></span> <span class='ocrx_word' id='word_1_263' title='bbox 1347 3639 1407 3711; x_wconf 84' lang='lat' dir='ltr'><strong><em>sed</em></strong></span> <span class='ocrx_word' id='word_1_264' title='bbox 1522 3635 1523 3696; x_wconf 71' lang='grc' dir='ltr'>Ῑ</span> 
     </span>
     <span class='ocr_line' id='line_1_34' title="bbox 297 3738 1523 3840; baseline 0.001 -29"><span class='ocrx_word' id='word_1_265' title='bbox 297 3738 447 3812; x_wconf 86' lang='lat' dir='ltr'><strong>uidentur</strong></span> <span class='ocrx_word' id='word_1_266' title='bbox 470 3742 629 3840; x_wconf 75' lang='lat' dir='ltr'><strong>nymphae</strong></span> <span class='ocrx_word' id='word_1_267' title='bbox 654 3741 756 3814; x_wconf 84' lang='lat' dir='ltr'><strong>fuisse</strong></span> <span class='ocrx_word' id='word_1_268' title='bbox 782 3744 918 3814; x_wconf 84' lang='lat' dir='ltr'><strong>comites</strong></span> <span class='ocrx_word' id='word_1_269' title='bbox 943 3742 1086 3814; x_wconf 86' lang='lat' dir='ltr'><strong>Dianae.</strong></span> <span class='ocrx_word' id='word_1_270' title='bbox 1136 3741 1408 3836; x_wconf 77' lang='lat' dir='ltr'><strong>Psyahmtasiam</strong></span> <span class='ocrx_word' id='word_1_271' title='bbox 1522 3767 1523 3840; x_wconf 55' lang='grc'><strong>;</strong></span> 
     </span>
    </p>

    <p class='ocr_par' dir='ltr' id='par_1_6' title="bbox 110 3834 1523 4450">
     <span class='ocr_line' id='line_1_35' title="bbox 210 3834 1523 3940; baseline 0.002 -28"><span class='ocrx_word' id='word_1_272' title='bbox 210 3865 213 3877; x_wconf 89' lang='grc'><em>·</em></span> <span class='ocrx_word' id='word_1_273' title='bbox 297 3849 404 3913; x_wconf 76' lang='grc' dir='ltr'><strong><em>σιτίσαι</em></strong></span> <span class='ocrx_word' id='word_1_274' title='bbox 430 3844 566 3914; x_wconf 87' lang='lat' dir='ltr'><strong>mediam</strong></span> <span class='ocrx_word' id='word_1_275' title='bbox 593 3844 745 3938; x_wconf 85' lang='lat' dir='ltr'><strong>trilogiae</strong></span> <span class='ocrx_word' id='word_1_276' title='bbox 771 3834 973 3940; x_wconf 78' lang='lat' dir='ltr'><strong>tragaediam</strong></span> <span class='ocrx_word' id='word_1_277' title='bbox 999 3844 1101 3916; x_wconf 84' lang='lat' dir='ltr'><strong>fuisse</strong></span> <span class='ocrx_word' id='word_1_278' title='bbox 1127 3844 1187 3920; x_wconf 87' lang='lat' dir='ltr'><strong>illu</strong></span> <span class='ocrx_word' id='word_1_279' title='bbox 1205 3843 1335 3939; x_wconf 86' lang='lat' dir='ltr'><strong>quidem</strong></span> <span class='ocrx_word' id='word_1_280' title='bbox 1351 3865 1409 3914; x_wconf 81' lang='lat' dir='ltr'><strong><em>ar·</em></strong></span> <span class='ocrx_word' id='word_1_281' title='bbox 1522 3841 1523 3846; x_wconf 66' lang='grc'>’</span> 
     </span>
     <span class='ocr_line' id='line_1_36' title="bbox 278 3943 1409 4040; baseline 0.001 -26"><span class='ocrx_word' id='word_1_282' title='bbox 278 3951 472 4040; x_wconf 64' lang='lat' dir='ltr'><strong>gementu,</strong></span> <span class='ocrx_word' id='word_1_283' title='bbox 508 3970 572 4040; x_wconf 87' lang='lat' dir='ltr'><strong><em>qun</em></strong></span> <span class='ocrx_word' id='word_1_284' title='bbox 598 3945 629 4016; x_wconf 89' lang='lat' dir='ltr'><strong><em>ei</em></strong></span> <span class='ocrx_word' id='word_1_285' title='bbox 654 3944 858 4024; x_wconf 82' lang='lat' dir='ltr'><strong>Welekerus</strong></span> <span class='ocrx_word' id='word_1_286' title='bbox 883 3947 982 4018; x_wconf 82' lang='lat' dir='ltr'><strong>istum</strong></span> <span class='ocrx_word' id='word_1_287' title='bbox 1008 3948 1115 4018; x_wconf 83' lang='lat' dir='ltr'><strong>laeum</strong></span> <span class='ocrx_word' id='word_1_288' title='bbox 1142 3946 1285 4016; x_wconf 85' lang='lat' dir='ltr'><strong>tribuere</strong></span> <span class='ocrx_word' id='word_1_289' title='bbox 1313 3943 1409 4015; x_wconf 87' lang='lat' dir='ltr'><strong>vide-</strong></span> 
     </span>
     <span class='ocr_line' id='line_1_37' title="bbox 294 4043 1408 4142; baseline 0 -26"><span class='ocrx_word' id='word_1_290' title='bbox 294 4047 372 4136; x_wconf 80' lang='lat' dir='ltr'><strong>tur,</strong></span> <span class='ocrx_word' id='word_1_291' title='bbox 406 4068 472 4115; x_wconf 88' lang='lat' dir='ltr'><strong><em>nun</em></strong></span> <span class='ocrx_word' id='word_1_292' title='bbox 498 4046 651 4117; x_wconf 82' lang='lat' dir='ltr'><strong>efficitur.</strong></span> <span class='ocrx_word' id='word_1_293' title='bbox 702 4045 944 4142; x_wconf 79' lang='lat' dir='ltr'><strong>Numereptae</strong></span> <span class='ocrx_word' id='word_1_294' title='bbox 975 4043 1163 4130; x_wconf 84' lang='grc' dir='ltr'><strong><em>Τοξότιδες</em></strong></span> <span class='ocrx_word' id='word_1_295' title='bbox 1192 4047 1289 4121; x_wconf 87' lang='lat' dir='ltr'><strong>simul</strong></span> <span class='ocrx_word' id='word_1_296' title='bbox 1313 4044 1408 4117; x_wconf 87' lang='lat' dir='ltr'><strong>Pen-</strong></span> 
     </span>
     <span class='ocr_line' id='line_1_38' title="bbox 300 4146 1408 4244; baseline -0.003 -23"><span class='ocrx_word' id='word_1_297' title='bbox 300 4147 471 4221; x_wconf 85' lang='lat' dir='ltr'><strong>thesileam</strong></span> <span class='ocrx_word' id='word_1_298' title='bbox 498 4146 667 4238; x_wconf 83' lang='lat' dir='ltr'><strong>auferunt,</strong></span> <span class='ocrx_word' id='word_1_299' title='bbox 706 4155 743 4218; x_wconf 85' lang='lat' dir='ltr'><strong><em>ut</em></strong></span> <span class='ocrx_word' id='word_1_300' title='bbox 773 4155 830 4218; x_wconf 87' lang='lat' dir='ltr'><strong><em>aut</em></strong></span> <span class='ocrx_word' id='word_1_301' title='bbox 862 4148 959 4221; x_wconf 85' lang='lat' dir='ltr'><strong>aliam</strong></span> <span class='ocrx_word' id='word_1_302' title='bbox 993 4150 1085 4221; x_wconf 82' lang='lat' dir='ltr'><strong>euius</strong></span> <span class='ocrx_word' id='word_1_303' title='bbox 1119 4172 1236 4221; x_wconf 90' lang='lat' dir='ltr'><strong>nemen</strong></span> <span class='ocrx_word' id='word_1_304' title='bbox 1268 4146 1408 4244; x_wconf 86' lang='lat' dir='ltr'><strong>perierit</strong></span> 
     </span>
     <span class='ocr_line' id='line_1_39' title="bbox 300 4245 1405 4346; baseline -0.004 -24"><span class='ocrx_word' id='word_1_305' title='bbox 300 4247 503 4345; x_wconf 81' lang='lat' dir='ltr'><strong>tragoediam</strong></span> <span class='ocrx_word' id='word_1_306' title='bbox 529 4246 680 4319; x_wconf 81' lang='lat' dir='ltr'><strong>sufficere</strong></span> <span class='ocrx_word' id='word_1_307' title='bbox 707 4247 845 4341; x_wconf 83' lang='lat' dir='ltr'><strong>debeat,</strong></span> <span class='ocrx_word' id='word_1_308' title='bbox 881 4257 938 4322; x_wconf 88' lang='lat' dir='ltr'><strong><em>aut</em></strong></span> <span class='ocrx_word' id='word_1_309' title='bbox 962 4248 1103 4342; x_wconf 74' lang='lat' dir='ltr'><strong>decere,</strong></span> <span class='ocrx_word' id='word_1_310' title='bbox 1137 4273 1220 4346; x_wconf 86' lang='lat' dir='ltr'><strong>quae</strong></span> <span class='ocrx_word' id='word_1_311' title='bbox 1253 4273 1296 4322; x_wconf 83' lang='lat' dir='ltr'><strong><em>ex</em></strong></span> <span class='ocrx_word' id='word_1_312' title='bbox 1319 4245 1405 4338; x_wconf 83' lang='lat' dir='ltr'><strong>illis,</strong></span> 
     </span>
     <span class='ocr_line' id='line_1_40' title="bbox 110 4345 1408 4450; baseline -0.002 -25"><span class='ocrx_word' id='word_1_313' title='bbox 110 4397 114 4405; x_wconf 81' lang='lat'>·</span> <span class='ocrx_word' id='word_1_314' title='bbox 199 4358 208 4363; x_wconf 79' lang='grc'><strong>’</strong></span> <span class='ocrx_word' id='word_1_315' title='bbox 263 4400 271 4419; x_wconf 87' lang='grc'><strong>.</strong></span> <span class='ocrx_word' id='word_1_316' title='bbox 303 4373 438 4446; x_wconf 82' lang='lat' dir='ltr'><strong>quarum</strong></span> <span class='ocrx_word' id='word_1_317' title='bbox 461 4355 612 4448; x_wconf 79' lang='lat' dir='ltr'><strong>superest</strong></span> <span class='ocrx_word' id='word_1_318' title='bbox 635 4351 773 4443; x_wconf 87' lang='lat' dir='ltr'><strong>notitia,</strong></span> <span class='ocrx_word' id='word_1_319' title='bbox 804 4352 944 4450; x_wconf 82' lang='lat' dir='ltr'><strong>primum</strong></span> <span class='ocrx_word' id='word_1_320' title='bbox 968 4349 1078 4426; x_wconf 86' lang='lat' dir='ltr'><strong>laeum</strong></span> <span class='ocrx_word' id='word_1_321' title='bbox 1101 4351 1258 4426; x_wconf 82' lang='lat' dir='ltr'><strong>tenuerit.</strong></span> <span class='ocrx_word' id='word_1_322' title='bbox 1311 4345 1408 4422; x_wconf 87' lang='lat' dir='ltr'><strong>Illml</strong></span> 
     </span>
    </p>
   </div>
   <div class='ocr_carea' id='block_1_3' title="bbox 0 0 1545 5048">
    <p class='ocr_par' dir='ltr' id='par_1_7' title="bbox 0 0 1545 5048">
     <span class='ocr_line' id='line_1_41' title="bbox 0 0 1545 5048; baseline 0 0"><span class='ocrx_word' id='word_1_323' title='bbox 0 0 1545 5048; x_wconf 95' lang='lat' dir='ltr'><strong><em> </em></strong></span> 
     </span>
    </p>
   </div>
  </div>
 </body>
</html>
