3070 5048
269 1395 271 1404 ‚
629 1366 700 1428 nu
1147 1406 1152 1420 .
1388 1437 1392 1450 ,

177 1533 632 1676 nrouuruu
688 1537 802 1646 nr
863 1485 1154 1650 urnun

350 1879 352 1884 Ι
450 1772 598 1849 enus
629 1773 877 1890 prieur)
918 1894 921 1904 Ι

563 2003 767 2017 n—-au———n-n

106 2177 181 2288 De
207 2219 324 2285 natura
356 2209 491 2284 deorum
522 2211 634 2312 dicere
667 2237 733 2284 nou
765 2219 833 2284 turn
866 2207 1146 2314 philosophorum'
1171 2223 1223 2291 est

108 2339 203 2410 quern
231 2312 476 2386 historicorum.
529 2311 612 2384 Nem
638 2337 721 2408 quos
747 2337 894 2410 quaeque
920 2325 1035 2410 gentes
1059 2319 1112 2389 rel
1128 2317 1222 2414 ipsae
1287 2311 1290 2320 ’

107 2416 172 2488 sibi
206 2415 286 2488 deos
318 2414 479 2486 iecerunt,
504 2413 555 2485 uel
580 2424 778 2510 aeceperunt
804 2413 955 2506 aliunde,
990 2416 1029 2487 de
1056 2417 1098 2489 iis
1125 2419 1223 2516 quid-

108 2515 188 2616 quid
214 2524 271 2588 aut
297 2535 395 2588 caeca
419 2513 559 2588 formido
585 2513 620 2584 in
647 2523 785 2588 mentem
808 2512 902 2586 deret
924 2523 980 2587 aut
1000 2515 1141 2614 lingeret
1163 2543 1223 2592 ra·
1251 2537 1253 2548 ’

107 2629 179 2692 turn
205 2640 244 2689 ao
269 2615 476 2688 secerdotum
501 2613 708 2686 fraudulenta
732 2616 836 2704 natio,
862 2639 923 2714 pro
947 2639 1025 2688 vero
1047 2619 1223 2691 revereba-

107 2729 164 2792 tur
196 2700 375 2790 inomindm'
396 2716 626 2813 superstitiosa
659 2715 867 2812 simplicitas.
925 2713 1015 2790 ilino
1039 2717 1223 2794 fabularum

106 2817 239 2892 infinite
281 2817 420 2890 varietas
460 2817 721 2914 religionumque
759 2816 1007 2915 inexplicabilia
1046 2823 1221 2917 mysteria:

110 2946 195 3021 quoe
227 2920 326 2993 etiem
359 2919 415 3016 qui
448 2920 653 2993 sanctissime
679 2918 851 3013 colebant,
867 2934 872 2948 ⁸
889 2921 918 2992 si
944 2944 1119 3020 quaereres
1145 2925 1223 3021 quid

109 3023 175 3097 sibi
200 3023 336 3115 vellent,
362 3043 429 3093 non
453 3021 613 3094 haherent
638 3020 726 3117 quod
752 3021 911 3094 dicerent.
964 3019 1110 3097 Credere
1137 3026 1223 3098 enim

109 3125 240 3198 nescire
267 3131 331 3198 est.
383 3124 548 3216 Quocirca
574 3124 604 3195 si
630 3123 702 3222 quis
720 3123 797 3194 illes
814 3124 994 3222 religiones
1015 3127 1122 3222 quood
1149 3129 1224 3200 lieri

109 3233 223 3324 potest
248 3249 449 3325 cognoscere
476 3225 586 3326 cupit,
616 3223 885 3323 nihil'reliquurn
911 3235 963 3299 est
988 3251 1083 3323 quarn
1108 3238 1146 3301 ut
1169 3231 1225 3328 in·

109 3324 267 3422 vestiget,
293 3327 348 3396 ubi
363 3334 409 3426 et
435 3323 597 3421 quomodo
620 3335 725 3418 ortae,
752 3327 868 3420 quibus
890 3329 1015 3400 caussis
1031 3329 1225 3428 letiuspro·

111 3436 273 3528 negatae,
308 3426 424 3522 quibus
449 3427 659 3498 incrementis
686 3435 821 3520 auctae,
857 3428 973 3523 quibus
1000 3429 1224 3528 denique'ca-

112 3529 202 3603 sibus
228 3537 370 3601 mutatae
389 3528 467 3599 sint.
517 3525 575 3600 Ex
594 3528 653 3599 illu
672 3527 829 3600 immensa
843 3527 998 3600 materiae
1015 3533 1111 3628 eopia
1124 3555 1223 3608 unum

112 3631 192 3704 milri
217 3654 304 3703 nunc
327 3631 438 3702 locum
463 3627 667 3701 tractandum
693 3629 830 3724 sumpsi,
857 3631 913 3725 qui
939 3639 991 3703 est
1005 3631 1050 3723 ‘de
1069 3630 1238 3710 Graeco.

112 3757 184 3806 rurn
208 3732 367 3829 Apolline
393 3738 426 3802 et
450 3717 580 3821 Diana,
616 3753 683 3801 uon
708 3738 746 3800 ut
771 3729 878 3802 omnia
910 3755 993 3828 qnae
1018 3731 1059 3804 do
1084 3735 1126 3807 iis
1151 3744 1223 3810 tra-

114 3833 182 3906 dite
207 3842 283 3914 sunt
308 3855 500 3933 persequar,
526 3829 613 3927 quod
639 3838 690 3903 est
713 3829 835 3902 infiniti
861 3833 990 3930 operis,
1016 3834 1075 3907 sed
1101 3843 1137 3910 ut
1160 3863 1223 3910 nu·

114 3943 219 4006 turam
246 3960 358 4008 eornm
385 3943 419 4006 et
439 3932 612 4031 originem,
640 3932 669 4004 si
690 3933 1031 4030 possimhdeclarern.
1072 3935 1222 4012 Coniun-

115 4037 277 4109 ctissimos
303 4037 388 4110 enirn
414 4033 475 4116 hos
508 4034 588 4107 deos
614 4055 687 4106 esse
712 4043 748 4106 et
771 4043 924 4132 parentes
950 4037 1048 4110 iidem
1074 4044 1108 4114 et
1133 4041 1221 4137 quod

116 4133 239 4237 gemini
260 4135 422 4228 habentur
454 4145 488 4210 et
518 4159 686 4210 munerum
718 4137 876 4234 quaedem
901 4131 1090 4214 similitudo*
1107 4150 1220 4215 osten·

166 4371 170 4382 ¹
198 4423 229 4508 ⁹)
257 4425 337 4484 Edu
356 4433 524 4503 murraque
543 4445 604 4504 pm
624 4443 649 4484 a.
671 4420 762 4486 1887.
