3070 5048
314 381 380 452 aea
662 353 1085 450 nnannumnmmvn.

182 615 187 620 .
313 577 419 628 nosse.
469 550 579 646 Nune,
606 556 745 651 exsequi
769 555 897 648 iussus,
924 555 1021 628 valde
1046 554 1210 628 sollicitus
1236 577 1304 651 quo
1327 563 1429 652 pacto
1522 553 1523 560 '

313 664 437 728 temere
462 665 651 754 susceptum
664 659 832 754 negotium
848 657 1012 755 perficiat,
1038 657 1121 730 duee
1133 656 1305 729 Mercurio
1320 658 1430 728 riam·-

314 781 377 854 que
403 767 603 832 monstrante
628 757 802 851 Minerva,
837 759 988 856 peruenit
1017 759 1062 831 'ad
1087 748 1231 832 Giaean
1291 756 1347 830 De
1373 759 1426 832 luis
1522 787 1523 858 ρ

278 949 282 957 ,
314 883 397 956 quae
430 859 552 932 tradita
582 870 659 932 sunt
691 861 900 957 abantiquis
935 885 1000 934 uon
1033 862 1145 934 sinunt
1170 859 1319 932 dubitare
1346 860 1426 957 quin
1522 921 1523 928 ,

313 962 380 1034 οἰοῖ
405 960 514 1033 lluxus
540 970 575 1034 et
600 961 746 1035 refluxus
771 963 891 1054 maris,
925 962 1149 1059 spumantibus
1176 961 1217 1034 od
1242 962 1336 1034 littus
1362 985 1427 1034 un-

313 1062 385 1154 dis,
421 1062 506 1136 uude
539 1086 640 1136 canae
673 1087 693 1134 a
731 1063 840 1161 prima
870 1064 998 1160 origine
1031 1073 1128 1161 atque
1161 1087 1258 1134 unum
1285 1063 1425 1136 ¹oculum

283 1213 287 1222 ι
312 1187 476 1261 nnnmqne
508 1164 637 1238 dentem
653 1187 655 1192 ’
670 1165 847 1258 labentes,
882 1189 965 1262 quos
999 1166 1063 1238 sibi
1086 1165 1122 1236 in
1147 1165 1251 1238 uicem
1278 1165 1426 1238 eommo-

313 1265 410 1358 dent,
435 1274 470 1339 ot
495 1261 728 1363 προφύλακες
745 1267 859 1340 *dictae
885 1276 961 1340 sunt
985 1266 1202 1364 Gorgonum,
1236 1290 1322 1364 quae
1348 1274 1426 1338 sunt

312 1370 471 1440 maiorum
503 1368 537 1439 iu
570 1369 639 1439 alto
676 1369 759 1439 mari
796 1369 955 1441 undarum
989 1365 1177 1465 τρικυμία.
1237 1367 1293 1440 Ad
1324 1369 1424 1440 trium

197 1475 200 1484 “
313 1467 511 1565 Gorgonum
536 1469 721 1568 exemplum
748 1471 788 1542 ab
813 1471 1051 1543 recentioribus
1068 1469 1183 1544 Graea
1202 1493 1339 1566 quoqne·
1354 1479 1425 1542 ter-

299 1571 360 1644 tia
386 1571 516 1662 addita,
543 1593 626 1667 qnae
652 1571 793 1644 medinm
819 1573 918 1644 mom's
944 1581 1064 1645 statum
1088 1573 1177 1644 inter
1200 1571 1365 1643 refluxum
1391 1579 1425 1643 et

311 1673 436 1745 fluxum
462 1673 678 1767 significaret.
730 1673 867 1770 Ereptis
893 1674 990 1747 oculo
1017 1698 1056 1747 oc
1070 1673 1167 1746 dente
1186 1674 1278 1769 cogit
1291 1671 1423 1760 Graees
1523 1703 1524 1760 g

310 1773 456 1848 Perseus
481 1775 546 1848 sibi
570 1775 727 1871 nymphas
751 1776 898 1848 indicare
913 1773 997 1848 Oroi
1021 1777 1149 1872 galeam
1174 1783 1209 1846 et
1234 1775 1340 1847 alatas
1367 1799 1424 1847 su-

310 1877 382 1949 leas
408 1900 448 1948 ac
472 1900 584 1972 peram
609 1877 781 1950 habentes.
831 1877 928 1968 Quod
954 1877 1009 1948 ubi
1035 1877 1242 1973 impetrauit,
1277 1885 1423 1949 armatus
1523 1877 1524 1958 l

310 1977 386 2050 istis
411 1977 656 2068 instrumentis,
690 1976 827 2050 ducibus
854 1979 1023 2051 Mercurio
1050 1988 1084 2050 et
1108 1978 1282 2069 Minerua,
1311 1979 1424 2076 pergit
1523 1971 1524 2032 l

311 2078 354 2150 ad
372 2075 564 2174 Gorgones,
591 2101 726 2173 querum
751 2079 984 2151 solaMedusa
999 2080 1291 2152 immortaliserat.
1325 2079 1423 2152 Haec

311 2178 485 2252 extribus
517 2179 613 2250 undis
639 2180 739 2251 tertio
764 2188 835 2271 est,
872 2204 975 2278 eaque
1002 2182 1163 2273 manime,
1200 2204 1296 2278 quam
1329 2190 1423 2279 patet
1472 2267 1476 2270 ,

153 2335 158 2343 .
309 2280 480 2352 mortalem
507 2279 586 2372 dici,
612 2280 699 2376 quod
724 2281 860 2377 reliquis
876 2283 1011 2355 ,duabus
1037 2307 1167 2380 semper
1191 2298 1265 2356 se'se
1284 2284 1422 2356 volven-

308 2381 397 2454 tibus
422 2381 518 2454 modo
545 2391 695 2482 apparet,
721 2382 818 2456 modo
844 2409 909 2456 non
931 2393 983 2458 est
1000 2387 1190 2482 conspicua.
1240 2384 1422 2482 lleucigi·

308 2492 364 2556 tur
388 2483 556 2576 interficit,
584 2493 745 2582 caputque
770 2510 853 2582 pera
877 2485 1056 2578 conditum,
1082 2487 1137 2558 ubi
1160 2484 1338 2584 Seriphum
1365 2511 1421 2560 re-

309 2584 383 2676 diit,
409 2593 610 2682 protractum
637 2587 786 2678 ostendit
806 2584 992 2684 Seriplriis,
1019 2588 1074 2686 qni
1099 2613 1139 2660 eo
1165 2588 1325 2686 adspectu
1347 2613 1421 2660 mu·

308 2695 420 2761 tantur
444 2687 478 2759 in
505 2688 646 2786 lepidos.
673 2687 761 2760 Tam
787 2685 928 2787 ‘simplex
954 2690 1037 2762 luaec
1061 2689 1172 2764 fabule
1197 2700 1268 2782 est,
1293 2699 1331 2763 ut
1357 2691 1420 2762 mi-

307 2789 444 2861 randum
470 2790 534 2882 sit,
568 2789 655 2886 quod
688 2814 753 2862 non
785 2791 1091 2886 fueritintelleota.
1150 2790 1292 2866 Scilicet
1317 2792 1422 2864 auda·

308 2891 416 2964 eiures
442 2891 545 2987 aliqui
571 2892 611 2964 de
632 2892 872 3010 praedonibus,
906 2892 983 2966 dolo
1009 2917 1129 2990 capere
1154 2902 1305 2967 onustam
1330 2917 1419 2966 mer·

165 3020 168 3026 ’
308 2993 400 3064 cibus
425 3015 540 3064 navem
566 3001 748 3089 cuprentes,
775 3018 836 3089 per
860 2994 985 3066 medios
1003 2995 1122 3067 fluctus
1139 2996 1245 3068 nendo
1262 3020 1332 3092 eam
1354 3021 1419 3067 no·

256 3091 365 3166 2lotn
390 3093 637 3190 aggrediuntur,
663 3095 825 3190 potitique
851 3119 948 3190 quum
973 3119 1142 3189 revenere,
1168 3089 1419 3194 stuporeolrri-
1524 3077 1525 3108 ¹

193 3239 197 3248 ι
305 3202 445 3292 gescunt
469 3191 631 3291 Seriphii.
681 3195 840 3291 Apertius
863 3195 1031 3269 Hesiodus
1056 3221 1172 3270 uorem
1198 3223 1272 3271 cum
1297 3198 1419 3271 merci·

305 3297 366 3370 lues
391 3304 521 3394 coptam
547 3296 691 3370 ostendit
712 3298 772 3370 illo
789 3307 901 3390 uersu,
925 3299 984 3394 qni
998 3307 1049 3372 est
1070 3299 1110 3371 de
1126 3301 1214 3374 collo
1231 3300 1415 3374 Medusae:

129 3445 148 3474 ·’
299 3453 306 3476 “
406 3447 538 3546 ἔκθορε
563 3439 754 3547 Χρυσάωρ
780 3477 819 3522 τε
843 3447 958 3552 μέγας
981 3449 1043 3526 καὶ
1069 3445 1247 3554 Πήγασος
1270 3451 1389 3536 ἵππος.
1524 3495 1525 3544 q

306 3597 377 3674 Sed
409 3608 447 3673 ut
471 3607 589 3698 stupor
613 3599 841 3690 admirantium
865 3602 1058 3683 incredibile
1084 3602 1212 3676 lacinus
1237 3601 1416 3702 Seriphio-

47 3695 60 3718 ”
187 3773 190 3778 ,
304 3725 376 3774 rum
402 3701 643 3798 significantius
669 3703 912 3796 declararetur,
947 3714 1046 3801 caput
1070 3704 1232 3778 Medusae
1264 3729 1309 3778 ex
1333 3729 1415 3802 pera

303 3802 499 3900 productum
523 3813 642 3902 poetae
667 3805 808 3878 finxere.
858 3805 926 3879 llio
950 3807 1053 3904 igitur
1076 3806 1240 3900 Perseus,
1276 3815 1414 3880 rooatua

205 3939 209 3946 ·
240 3943 246 3954 ·
305 3903 436 4000 etipse
462 3928 483 3976 a
507 3906 730 4002 penetrando,
765 3908 849 3980 alius
875 3917 927 3980 θεῖ
951 3919 1048 4007 atque
1072 3909 1219 4007 Argivus
1243 3909 1321 4000 ille,
1355 3908 1417 3982 sed·

305 4005 459 4079 ebidem
491 4030 609 4080 nomen
640 4033 706 4082 non
739 4008 887 4082 diversus
914 4035 987 4083 esse
1014 4011 1157 4084 creditus
1191 4019 1226 4083 et
1249 4010 1353 4107 Argis
1379 4018 1414 4103 et

296 4103 454 4202 'Seriphi
505 4105 687 4214 Pausanias
705 4107 756 4181 ll.
777 4114 838 4201 18,
867 4115 901 4185 1.
928 4114 968 4186 ἐκ
984 4118 1180 4208 Μυκηνῶν
1200 4109 1241 4186 δὲ
1262 4114 1299 4195 ἐς
1316 4113 1413 4206 ''Ap-

302 4235 369 4312 yoc
392 4206 600 4306 ἐρχομένοις
631 4214 672 4286 ἐν
698 4211 872 4308 ἀριστερᾷ
898 4213 1070 4310 Περσέως
1101 4213 1202 4313 παρὰ
1226 4212 1295 4310 τὴν
1318 4209 1413 4287 ὁδόν
1524 4301 1525 4308 ¹

303 4313 404 4390 ἐστιν
434 4306 569 4408 ἡρῷον.
604 4313 676 4408 ἔχει
708 4307 778 4405 μὲν
809 4310 856 4409 δὴ
887 4311 949 4387 καὶ
980 4316 1149 4392 ἐνταῦθα
1174 4313 1285 4444 τριὰς
1307 4312 1412 4412 παρὰ

268 4497 274 4514 ἱ
302 4411 624 4514 αῶναίιιχσιρίων,
649 4413 824 4517 μεγίστας
848 4411 890 4490 δὲ
914 4416 956 4491 ἰν
969 4413 1139 4517 Σερίφῳ,
1165 4445 1211 4492 ov
1234 4416 1299 4492 καὶ
1311 4417 1407 4518 παρ’
