3084 5050
391 371 394 378 ’
469 362 521 422 DE
538 307 690 423 xOlll'ltJIO
711 361 968 425 merearis.
1212 359 1274 430 125
1338 413 1341 421 -

155 529 258 603 ualde
283 527 399 626 inepti,
426 526 496 624 qui,
524 527 611 625 quod
636 525 748 624 ἱερῶν
761 527 941 626 scripserat
953 527 1131 621 Pindarus,
1151 527 1274 627 Ἱέρων

155 634 291 726 legens,
317 631 398 703 lecit
421 638 460 701 ut
484 653 583 702 seusu
608 638 737 703 careret
763 633 882 704 oratio.
932 630 997 722 Ac,
1026 631 1092 704 nisi
1119 631 1196 728 quid
1221 655 1273 706 me

154 734 262 823 fallit,
289 731 418 828 accepit
443 731 508 804 hoe
531 730 590 802 ille
616 731 656 802 ah
682 731 788 805 altaro
813 741 912 824 teste,
939 733 1119 806 scholiasta
1137 733 1273 806 Aristo·

155 785 281 962 phanis
317 833 358 904 ad
383 832 531 904 Avcsv.
557 834 646 907 927.
669 834 736 960 'qui
762 835 811 906 sio
837 835 970 906 scribit·
1008 836 1048 907 ἐκ
1072 861 1149 912 νων
1176 839 1274 908 Πιν-
1332 913 1335 924 ,

158 931 330 1032 δάρου
307 925 598 1062 ιιιοριιηιιάιων·
636 929 785 1016 ξάνες’
765 963 784 1007 o
809 963 845 1008 ιι
870 935 962 1036 λέγω
988 933 1138 1026 ζαθέων
1162 931 1288 1033 ἱιριῖινΙ

157 1034 345 1166 ὁμώνυμε
364 1032 491 1132 πάτερ,
516 1033 830 1132 ιιιίσιορΑἴινας
855 1035 1022 1134 ἐπειδὴ
1005 1067 1024 1111 ο
1046 1035 1201 1132 Ἱὲρων”
1181 1065 1276 1112 ικτι-

158 1161 227 1214 σεν
252 1133 381 1233 αὐτήν.
403 1137 705 1256 Aristophanes
694 1163 767 1236 rpse
793 1140 827 1211 in
853 1137 920 1212 isto
943 1139 1063 1211 Avium
1089 1141 1165 1212 loco
1189 1139 1275 1213 Pin·

160 1241 235 1314 dari
262 1239 412 1312 verba
385 1264 435 1312 sue
458 1241 588 1336 posuit,
625 1248 662 1312 ut
686 1248 799 1337 pateat
824 1239 937 1313 Iovem
961 1243 1027 1314 ista
1043 1243 1274 1361 appellatione
1412 1253 1418 1265 '

153 1342 323 1416 invocari.
374 1340 447 1413 Neo
471 1340 621 1438 prolecto
648 1343 748 1413 vorha
773 1343 833 1414 illa
859 1343 957 1414 aliter
982 1343 1087 1439 accipi
1115 1350 1273 1440 possunt:

161 1443 223 1518 sed
255 1443 473 1533 scholiastae,
513 1465 579 1515 non
611 1452 802 1540 reputantes
835 1441 1010 1565 κιίστοροι
1034 1447 1177 1528 Αἴτνας
1209 1445 1276 1517 diei
1332 1523 1337 1530 ‚
1418 1469 1422 1486 ⁴

31 1599 32 1606 ι
158 1545 296 1636 lovem,
330 1544 416 1640 quod
443 1533 585 1616 montem
609 1544 751 1616 Aetnam
776 1543 940 1640 'l'yphoeo
966 1547 1197 1642 imposuisset,
1234 1546 1275 1618 de
1358 1577 1361 1586 ¹

122 1735 131 1746 .
162 1649 245 1722 urhe
270 1647 469 1772 cogitarput.
520 1643 685 1718 Pindarus
710 1644 824 1718 Iovem
850 1643 1041 1741 Olympium
1073 1649 1274 1744 appellabat,

164 1751 222 1846 qui
253 1757 304 1820 est
336 1741 545 1842 ὁμώνυμος
570 1761 737 1818 sacrorum
764 1745 811 1819 01
814 1748 952 1844 ympiae.
1014 1747 1165 1840 Quod
1137 1769 1167 1820 st
1191 1749 1277 1822 nihil

163 1852 219 1924 hio
244 1850 285 1922 dc
309 1850 391 1921 urhe
415 1848 526 1921 Aetna
552 1849 692 1940 dictum,
727 1848 904 1948 eollahitpr
926 1849 1010 1921 illud
1037 1849 1277 1970 argumentum,

29 2039 30 2048 ι
164 1977 230 2051 quo
260 1951 349 2024 istud
382 1951 602 2048 hyporchema
633 1959 711 2048 post
743 1943 878 2110 Olymp.
904 1949 1087 2026 LXXVI.
1121 1955 1157 2026 l.
1190 1952 1277 2024 scri-
1385 1999 1390 2004 -

162 2063 254 2156 ptum
279 2052 462 2125 ridebatur.
480 2052 584 2153 ¹⁸)

157 2195 178 2210 „
264 2155 358 2228 Non
366 2154 491 2227 firmius
525 2163 577 2227 ιιι
609 2154 748 2226 alterum
780 2164 1027 2251 argumentum,
1063 2154 1152 2275 quod
1178 2163 1276 2228 esta

161 2259 303 2334 victoria
327 2257 487 2328 mularum
518 2255 669 2352 petitum.
720 2255 840 2328 Posuit
863 2255 1141 2354 Aristophanes
1130 2281 1165 2329 ιιι
1190 2257 1276 2329 Ari·

157 2361 282 2431 husu.
309 2357 397 2433 926.
448 2356 586 2428 Ρίιιδιιιί
612 2357 711 2428 verha
742 2358 888 2453 paullum
910 2367 1056 2449 mutata,
1090 2359 1275 2486 dequibus

164 2461 315 2536 scholion
350 2482 414 2530 non
446 2457 615 2529 emendate
649 2457 825 2552 scriptum:
861 2456 924 2530 καὶ
956 2465 1075 2584 ιαῦτρ
1101 2460 1202 2630 ιιαρά
1226 2457 1276 2532 τὰ

165 2563 205 2635 ἐκ
223 2553 439 2654 Πινδάροιι
473 2559 544 2652 ἔχει
553 2553 682 2628 δὲ“
637 2583 770 2682 optare
796 2552 1069 2649 νομάδεσσι
1024 2585 1098 2656 γαρ
1116 2555 1277 2632 ένΣκύ-

165 2664 257 2742 θοις
283 2659 415 2733 ἀλᾶται
432 2654 667 2751 Στράτων,ζ
657 2655 697 2738 dc
722 2651 1009 2784 άμαξιιφόρρτον
1035 2656 1137 2732 οἶκον
1154 2657 1260 2732 οὐ’
1213 2685 1276 2730 πε·

166 2781 299 2847 ποιτοιι,
334 2757 529 2854 diuisioni*
559 2757 628 2854 ἔβα
654 2756 795 2846 τῶνδε,
827 2755 1002 2884 λαβιδνε
980 2754 1158 2854 ημιόνοιις
1182 2758 1271 2854 παρ

161 2863 352 2960 Ἱέρωνος,
377 2858 441 2936 καὶ
471 2859 549 2957 ᾔτει
580 2857 697 2934 αὐτὸν
721 2887 784 2934 και
772 2855 1006 2955 άρμάδιον.
1065 2859 1148 2934 Sine
1175 2862 1325 2940 duhio26
1421 2891 1423 2908 ·

108 2974 111 2984 ’
166 2967 248 3038 haee
274 2989 316 3036 ex
342 2963 457 3036 eodem
482 2957 734 3060 hyporclremate
761 2972 891 3059 sumpta
917 2987 991 3036 esse
1009 2964 1055 3037 ait
1070 2959 1319 3037 Boeohhius.

167 3066 237 3140 Gur
261 3059 370 3139 sero?
417 3063 504 3137 Num
536 3066 611 3163 quia
644 3065 683 3136 ah
708 3064 931 3184 Aristophane
958 3067 1139 3138 afferuntur
1161 3057 1275 3164 paullo

166 3178 244 3266 post
268 3193 364 3266 quam
389 3167 652 3266 hyporchematis
677 3167 769 3239 illins
794 3168 889 3240 initio
910 3191 987 3240 usus
1007 3161 1106 3242 erat?
1149 3169 1232 3240 At
1222 3195 1277 3240 ιιι-

95 3271 100 3286 ’
167 3271 338 3343 teroadunt
361 3269 437 3365 plus
463 3267 576 3341 decem
603 3293 715 3340 versus
740 3269 829 3341 inter
852 3278 1024 3366 utcumque
1045 3269 1275 3366 fragmentum,

168 3382 203 3444 ct
226 3371 395 3469 praemisit
419 3370 496 3442 huic
522 3369 569 3440 alt
555 3370 618 3441 teri
644 3370 738 3465 quasi
762 3392 881 3442 novum
899 3369 976 3466 qnid
995 3372 1154 3443 allaturus
1176 3381 1276 3500 poeta

167 3477 251 3564 iste,
292 3497 410 3569 quem
420 3470 605 3542 introduxit
628 3470 889 3572 Aristophanes,
923 3469 970 3543 ιδ
996 3467 1044 3544 δὲ
1075 3479 1139 3568 τεᾷ
1167 3471 1276 3571 φρινι

167 3571 270 3670 μάθε
285 3566 546 3668 Πινδάρειον”
527 3599 623 3658 atnoe,
638 3573 782 3689 satisque
798 3581 927 3643 constat
942 3571 1082 3690 undique
1098 3573 1279 3672 decerpere

169 3678 325 3749 comicum
359 3699 399 3746 ea
430 3673 546 3770 quibus
578 3675 628 3744 uti
651 3673 788 3768 possit.
820 3673 875 3744 An
902 3675 977 3769 quia
1002 3675 1197 3748 scholiastes
1223 3685 1277 3749 te-

124 3841 129 3854 ,
169 3771 302 3850 stetur?
347 3774 430 3847 At
420 3802 449 3848 rs
475 3782 617 3902 poetam
631 3772 806 3863 eumdem,
822 3795 897 3902 uon
914 3774 999 3846 idem
1026 3798 1156 3849 carmen
1182 3779 1282 3870 dicit,

170 3904 266 3997 qupm
294 3879 427 3969 scribit,
460 3875 524 3950 καὶ
547 3882 666 3949 ταῦτα
691 3871 791 3972 παρὰ
823 3873 870 3948 τά
896 3877 936 3948 ἐκ
961 3873 1170 4032 Πινδάρου.
1220 3830 1277 3951 An

171 3981 246 4077 qnia
266 3980 393 4052 numeri
410 3980 502 4051 sint
492 4004 526 4050 m
545 3987 681 4075 utroque
699 3975 881 4074 fragmento
896 3973 1059 4052 Aeolici?
1107 3982 1156 4052 At
1173 3982 1276 4052 multa

170 4082 222 4155 his
248 4082 390 4156 numeris
412 4081 556 4156 carmina
570 4081 704 4177 scripsit
717 4078 894 4152 Pindarus.
933 4079 989 4151 An
1009 4073 1162 4178 denique,
1189 4081 1276 4178 quod
1383 4105 1390 4118 ’

256 4318 303 4399 ¹⁸)
331 4322 405 4380 Haec
432 4343 508 4400 quum
530 4323 588 4381 aliis
609 4294 779 4400 argumentis,
808 4323 988 4404 turnpeholio
1011 4321 1043 4378 sd
1064 4319 1142 4378 Nem.
1163 4315 1224 4376 vll.
1247 4317 1275 4378 l.

171 4409 293 4466 refutavit
313 4406 469 4480 Boeekhlus,
491 4406 629 4486 osteudens
647 4406 788 4464 Hieronem
810 4409 958 4484 significari,
979 4425 1030 4463 uon
1051 4405 1147 4462 loram.
