3076 5046
244 371 247 385 «
283 343 346 412 rus
375 422 385 438 ‚
501 344 551 410 ua
571 341 758 408 suasurus
779 279 974 406 ruinosus·
988 337 1187 403 suasurus.

282 508 419 611 μικρὴα
443 509 495 590 Id·
520 508 594 592 er.
624 504 801 604 ’κυκλικὴν
827 509 991 584 Tetellus.
1048 505 1156 584 Haeo
1169 503 1274 603 igitur
1299 529 1402 604 quum

284 613 407 697 diserte
441 637 485 687 es
517 611 643 707 cyclica
657 610 841 690 ,Thebaide
867 609 979 686 ullerri
1003 607 1217 700 uiderentur,¹
1252 609 1401 685 creditus

283 719 336 791 est
361 721 461 812 poeta
487 713 643 809 eyelieus,
669 737 711 788 ue
737 712 918 809 pugnantia
943 734 1094 786 mutasse
1109 710 1150 783 de
1169 711 1402 785 exsecratione

283 815 448 915 putandus
464 822 584 906 esset,
620 815 726 910 primo
759 815 955 892 irascentem
980 812 1100 888 lesisse
1126 810 1293 908 Oedipum
1316 835 1404 911 pro·

284 928 361 1016 pter
385 917 539 1015 proaulam
565 915 654 1012 quod
679 917 804 1014 apponi
827 923 988 1006 uetuerat,
1017 922 1147 1010 postea-
1160 923 1269 988 entem
1294 915 1403 1010 magis
1440 979 1442 982 .

147 1093 151 1110 ,
285 1021 385 1098 etiem
412 1024 620 1107 commotum,
648 1017 736 1113 qnod
762 1018 826 1092 sibi
852 1041 969 1092 eonem
993 1041 1056 1112 pro
1081 1015 1216 1088 humero
1232 1016 1404 1092 misissent

137 1209 143 1214 q
285 1122 359 1200 filii.
410 1118 528 1216 Itaque
544 1118 749 1193 Welekerus
774 1118 810 1192 in
835 1118 1029 1215 Appendieo
1045 1116 1405 1214 delegissent.

94 1247 97 1259 ¹
230 1279 236 1288 -
284 1223 490 1300 Athenaeum
517 1221 764 1318 vituperandum
791 1219 899 1311 duxit,
926 1243 1021 1315 quem
1047 1220 1094 1320 eit
1111 1241 1284 1315 perperam
1300 1219 1406 1294 intel-

284 1325 412 1406 lexisse
436 1323 537 1397 verbe
561 1331 700 1420 poetae,
737 1321 888 1419 quodque
920 1321 1094 1418 scripserit
1119 1317 1175 1394 ὅτι
1201 1317 1304 1416 αὐτῷ
1326 1347 1406 1394 αα-

286 1425 452 1524 ρέθηκαν
476 1417 678 1518 ἐκπώματα
704 1422 727 1497 d
755 1417 1007 1524 ἀπηγορεύκει,
1037 1423 1146 1518 ipsum
1171 1421 1324 1514 linuime,
1348 1421 1406 1498 id·

287 1553 350 1624 que
380 1528 430 1602 vel
455 1525 578 1623 plurali
603 1550 740 1600 numero
765 1520 1103 1619 dicturientem
1122 1523 1276 1620 predere,
1305 1547 1405 1619 quum

285 1638 396 1706 manen
421 1638 521 1726 poeta
543 1639 644 1700 ‘anum
670 1627 768 1702 modo
800 1627 953 1724 pronubum
980 1625 1216 1716 nominaverit,
1253 1650 1316 1702 neo
1341 1625 1406 1712 uni-,-

251 1755 347 1806 ,nus
380 1754 495 1808 measa
527 1729 571 1807 ad
601 1753 676 1810 rem,
703 1729 880 1826 pertineat.
939 1725 980 1802 In
1013 1727 1066 1802 his
1099 1727 1205 1824 prium
1227 1726 1406 1802 admodum
1464 1743 1467 1754 ’

285 1831 360 1908 leue
386 1841 438 1906 est
462 1831 548 1908 illud
572 1840 819 1926 argumentum,
855 1829 952 1926 quod
970 1829 1010 1904 ab
1036 1853 1171 1905 numero
1199 1828 1324 1929 plurali
1348 1852 1408 1904 re-

287 1935 427 2030 petitum
453 1940 518 2010 ess.
569 1930 644 2022 Ouo
671 1955 805 2008 numero
832 1933 897 2007 etsi
921 1930 1119 2015 Eustathius
1144 1955 1296 2031 quoeue3
1331 1929 1408 2026 epi-

240 2029 400 2112 lhtoueu
424 2039 602 2128 sequutum,
639 2033 763 2124 autur,
800 2040 908 2110 terne'n
942 2031 1029 2129 apud
1050 2033 1260 2110 ,Athenaeum
1287 2030 1409 2106 dudum

289 2161 333 2208 ex
359 2133 614 2231 optimislihris
641 2132 764 2210 editum
790 2141 868 2217 asaf
894 2131 946 2210 δι’
975 2133 1128 2228 ἔκπωμα
1148 2132 1174 2208 ὃ
1200 2126 1410 2233 ἀπηγορεύ-

287 2261 352 2310 κει.
404 2234 536 2326 Βρίιᾱο·
562 2235 635 2330 quis
661 2260 727 2310 uon
742 2235 803 2310 sie
828 2235 941 2332 potius
965 2235 1103 2328 indicet,
1130 2234 1338 2312 Athenaeum
1362 2235 1410 2310 il-

287 2338 345 2410 lud
373 2335 393 2413 d
418 2331 660 2436 ἀπηγορεύκει
684 2361 752 2410 non
778 2339 978 2434 seripturum
1004 2337 1121 2430 luisse,
1148 2337 1275 2413 nisiid
1298 2337 1410 2432 ipsum

198 2484 200 2492 ·
288 2439 428 2536 legisset
452 2439 488 2512 iu
506 2437 698 2526 Tbebaide;
724 2437 790 2513 nos
812 2448 934 2530 autern,
962 2439 1018 2536 qui
1043 2461 1109 2511 non
1127 2438 1274 2536 legimus
1288 2438 1411 2514 librum

31 2545 35 2560 '
212 2583 217 2589 -
291 2566 386 2638 quem
411 2565 478 2616 nou
503 2539 673 2631 hebernum
698 2565 765 2614 non
791 2565 891 2637 posse
917 2541 1004 2618 seire
1029 2541 1109 2637 quid
1126 2541 1162 2615 iu
1183 2565 1223 2612 ee
1249 2565 1316 2624 uos
1335 2539 1412 2616 lue-

126 2641 129 2654 '
289 2644 334 2716 rit
360 2635 547 2739 seriptum?
594 2639 703 2718 Immo
726 2641 833 2718 'luisse
859 2644 1017 2740 seriptum
1043 2644 1078 2718 in
1100 2644 1165 2716 isto
1184 2649 1337 2739 poemate
1354 2663 1411 2715 ros

290 2747 365 2841 ipsa
389 2744 532 2818 evincite
574 2743 738 2840 quomodo
773 2745 858 2820 euim
890 2744 992 2820 irasei
1017 2745 1172 2898 apposito
1196 2744 1318 2842 poculo
1344 2767 1413 2838 po-
1503 2767 1506 2770 ·

290 2847 409 2918 tuisset
436 2842 600 2941 Oedipus,
628 2845 693 2920 uisi
719 2845 878 2921 uetuisset
904 2847 1043 2943 apponi.
1109 2847 1160 2919 At·
1182 2853 1282 2941 negat
1307 2843 1414 2922 Wol-

291 2947 411 3020 oherus
437 2947 651 3043 perspexisse
676 2947 902 3038 Athenaeum,
937 2969 1001 3042 qua
1026 2946 1155 3022 natione
1180 2971 1235 3024 res
1259 2947 1348 3022 inter
1372 2968 1412 3018 se
1526 3025 1530 3034 ,

291 3071 396 3122 uenae
421 3047 556 3138 fuerint,
582 3048 648 3120 hoo
673 3056 744 3140 est,
771 3050 911 3144 opinor,
936 3045 1104 3148 Oedipum
1130 3047 1293 3144 gradatim
1318 3073 1414 3124 oom-

291 3149 428 3239 unsvers,
456 3150 568 3246 primo.
588 3157 726 3251 propter
751 3151 919 3246 puerulum,
946 3149 1066 3226 deiude
1088 3151 1193 3247 παρίει
1215 3151 1315 3226 etiam
1330 3175 1413 3246 pro-

291 3260 366 3348 pter
391 3275 521 3326 souare.
570 3249 634 3325 sie
655 3251 838 3326 animiam
863 3277 930 3326 non
945 3274 1107 3352 'pugnare
1131 3253 1413 3348 seeumseripto-

155 3415 158 3420 .
291 3379 361 3424 rem
382 3351 566 3446 Thebaidis
592 3359 698 3454 putat,
727 3354 783 3452 qui
808 3378 873 3432 uno
901 3355 976 3426 looo
996 3351 1162 3452 Oedipum
1189 3362 1327 3454 propter
1347 3378 1414 3450 po-

1 3463 2 3470 ’
112 3453 116 3462 “
292 3455 413 3544 oulum,
441 3455 546 3526 altero
573 3463 710 3550 propter
731 3454 854 3527 'eoram
880 3465 1087 3529 exsecratum
1114 3480 1187 3529 esse
1216 3453 1306 3526 lilios
1332 3478 1415 3526 uar-

292 3555 427 3628 rauerit.
479 3555 545 3628 Est
570 3557 635 3628 hoe
660 3580 738 3628 sane
766 3583 830 3630 non
856 3557 968 3656 inepte
995 3558 1239 3654 excogitatum:
1274 3555 1333 3628 sed
1358 3563 1414 3627 ta-

135 3667 137 3676 ’
216 3651 221 3667 '
292 3682 367 3730 rnen
391 3681 591 3760 magnopere
621 3682 747 3750 vereor,
772 3684 816 3730 ne
843 3683 864 3730 a
890 3684 967 3732 uero
995 3661 1080 3736 absit
1100 3658 1307 3756 longissime.
1347 3655 1413 3730 Ni·

183 3775 192 3787 ·
295 3760 354 3831 mis
381 3761 467 3832 enirn
493 3762 609 3850 mirum
636 3769 699 3850 est,
727 3761 827 3857 quod,
855 3769 1011 3858 quum'et
1034 3761 1225 3832 Athenaeus
1253 3758 1414 3838 etecho-

292 3862 418 3936 liastes.
436 3862 592 3956 epolieauu
611 3861 818 3936 Tlrabuidem
845 3871 1062 3953 antestatus,
1079 3869 1197 3938 'mmeu
1219 3861 1414 3938 Athenaeus

296 3965 378 4036 nihil
395 3962 446 4033 «de
472 3985 576 4054 coxa,
602 3963 644 4041 de
670 3965 791 4058 poeulo
820 3973 928 4065 autem
954 3964 1037 4038 nihil
1063 3964 1260 4042 subediestes
1287 3987 1415 4058 merno-

206 4154 208 4158 ,
295 4071 361 4134 rat.
410 4061 553 4136 Aesedit
583 4063 672 4158 ¹quod
708 4066 845 4154 alteram
870 4065 910 4137 de
936 4067 1166 4140 exseoratioue
1191 4067 1414 4142 serratianern

297 4162 372 4234 siliis
400 4186 496 4258 qaam
521 4165 666 4257 eynlicae
681 4166 848 4240 Thebaidi
871 4167 1058 4240 auetorlbirs
1082 4167 1197 4244 tribuit
1214 4165 1414 4242 Enstethiua

297 4265 349 4336 his
376 4263 513 4362 uerluss
546 4263 648 4336 ditior
677 4264 725 4339 δέ
754 4293 795 4366 γε
827 4262 1044 4362 βρωμάτων
1057 4273 1184 4340 ’τινῶν
1205 4264 1320 4366 χάριν
1344 4267 1414 4342 τὸν
1509 4328 1512 4339 .

302 4361 485 4448 Οἰδίπουν
509 4361 798 4463 καταράσασθαι
817 4371 893 4455 τοῖς
907 4364 1045 4453 τέκνοις
1065 4363 1278 4469 ἱστόρησαν.
1310 4369 1415 4446 lluuo
