3084 5050
325 365 329 380 '
376 363 380 376 '
432 387 483 473 un
505 387 651 453 orarum
671 386 926 452 ιαεααεαεαιε.
1176 389 1238 457 lla

123 551 270 628 ineundii
295 557 484 644 memoriam
510 556 668 630 describit
692 555 838 654 uberius,
899 555 971 629 Iam
997 557 1127 632 tandem
1152 559 1237 636 illud

123 656 214 753 qnod
241 667 470 755 exspectamus
485 683 597 733 ,οιιιιο
629 660 722 757 sequi
754 659 905 732 debebat.
957 657 1118 758 Sequitur
1143 685 1235 755 reru,

125 758 185 830 sed
210 781 275 831 non
301 760 454 832 viderant
477 762 689 858 interpretes,
715 761 792 858 qnia
814 786 878 833 non
897 769 948 832 est
962 763 1026 834 loe
1041 763 1115 857 ipsu
1135 765 1235 838 uerbo

14 911 15 914 ,
124 860 268 951 dietum,
306 862 364 932 sed
390 861 608 960 significatum
640 863 725 935 hiss.
749 867 844 949 Ζεῦ,
879 862 940 937 τὶν
965 866 1019 958 εἴη
1044 859 1235 953 ἁνδάνειν,

123 959 164 1044 ἀς
188 961 292 1035 τοῦτ’
318 961 462 1058 ιἐφέιιεις
487 963 584 1058 ὄρος,
610 961 765 1059 τοῦμὲν
785 962 1002 1055 ἐπωνυμίαν
1018 965 1158 1048 κλεινὸς
1182 970 1236 1038 ol-

122 1061 253 1158 ιιιατὴρ
278 1060 458 1139 ἐκύδανεν
482 1061 609 1154 πόλιν,
644 1061 849 1147 Πυθιάδος
880 1064 930 1150 δ’,
948 1069 989 1139 ἐν
1013 1061 1144 1162 δρόμῳ
1168 1063 1237 1140 κά
1281 1156 1291 1168 Ι

124 1167 195 1260 ρυξ
220 1163 364 1239 ἀνέειπέ
384 1193 447 1242 νιν
466 1165 628 1262 Ἱέρωνος
651 1163 743 1264 ὑπὲρ
762 1166 912 1263 ἅρμασι.
964 1167 1141 1267 Numquid
1162 1194 1236 1240 eum

123 1267 227 1360 aliud,
255 1291 353 1363 quum
377 1277 532 1366 precatur
557 1279 596 1342 ut
618 1267 697 1342 Iovi
721 1271 864 1368 placeat,
892 1270 1002 1342 diuere
1018 1271 1234 1362 censebimus,

71 1435 77 1442 .
118 1393 234 1465 quam,
260 1393 361 1444 eoae
384 1372 533 1461 quena,
572 1375 642 1472 qui
664 1370 768 1444 Ιιιινιο
793 1383 956 1444 montem
982 1383 1096 1464 leuel,
1123 1375 1237 1446 οιιάιι

54 1541 59 1548 .
122 1472 391 1569 cognominem
421 1469 555 1544 tardem
582 1473 702 1544 Hiero
736 1474 906 1545 elorouit
939 1475 1130 1546 uictoria?
1180 1473 1239 1546 Eu·
1275 1505 1280 1528 ·

121 1572 229 1668 igitur
255 1594 353 1668 quum
377 1573 593 1668 pervenisset,
620 1583 698 1644 uota
722 1573 803 1644 tacit
824 1597 885 1668 pro
907 1575 1127 1670 prosperitate
1144 1577 1235 1648 urbis

120 1683 192 1744 tam
212 1671 387 1768 'auspicato
413 1673 626 1764 nobilitatae,
652 1697 778 1770 proque
804 1675 911 1744 salute
938 1675 1094 1765 viatoris,
1120 1701 1236 1749 reeor-
1292 1697 1300 1715 ‘

121 1774 258 1846 datione
290 1798 400 1846 rerum
434 1775 469 1846 in
502 1774 599 1864 bellis
632 1783 799 1871 gestarum
832 1791 878 1846 ια’
900 1799 994 1847 nunna
1020 1777 1235 1868 consolantis,

122 1901 223 1972 quum
247 1875 361 1948 morbo
386 1876 563 1973 impeditus
579 1901 655 1950 'non
680 1877 788 1972 possit
809 1876 877 1971 ⁸iam
903 1877 976 1971 ipse
994 1873 1148 1950 Cumaeis
1175 1903 1236 1950 au·

121 1978 208 2050 nilio
233 1977 365 2069 venire,
406 1979 463 2074 qui
494 1979 587 2076 prius
613 1979 765 2076 superbi,
800 1986 879 2051 tune
910 1979 1106 2076 suppliciter
1138 2005 1235 2080 opem
1302 2049 1308 2058 ,

83 2156 87 2166 s
123 2079 280 2170 orabant,
301 2079 352 2175 (id
379 2079 460 2152 dicit
483 2079 556 2152 hist
591 2077 663 2154 σὺν
687 2078 724 2153 δ’
755 2077 941 2180 ἀναγκαίᾳ
967 2079 1078 2177 φίλον
1096 2079 1160 2155 καί
1180 2105 1236 2164 τις

121 2178 196 2255 ἐὼν
220 2176 441 2281 μεγαλάνωρ
463 2181 613 2256 έσανενι
628 2184 692 2255 sie
707 2183 930 2279 scribendum)
957 2181 1166 2256 Philoctetae
1191 2184 1235 2256 ad

122 2284 329 2381 exemplum,
364 2281 460 2380 quem
493 2285 550 2380 qui
582 2285 765 2379 neglectum
792 2281 914 2356 Lemni
945 2285 1148 2380 reliquerant
1174 2309 1234 2357 sna

119 2384 255 2458 fortuna
279 2383 357 2456 lnoti
383 2383 672 2481 Graeei,'pnstea
696 2410 762 2457 non
788 2394 903 2480 aperto
928 2387 1000 2457 ausi
1026 2394 1102 2457 sunt
1126 2387 1232 2478 adire,

122 2486 182 2558 sed
223 2485 465 2576 dissimulantes
507 2487 562 2582 qui
597 2495 722 2558 essent.
765 2484 1029 2580 (Scribendunn
1062 2494 1114 2556 est
1147 2487 1233 2557 enim

15 2671 19 2684 Ι
121 2583 239 2684 φαντὶ
263 2583 305 2660 δὲ
330 2581 542 2678 Λαμνόθεν
575 2586 667 2658 ἕλκει
699 2581 912 2680 τειρόμενον
936 2583 1028 2672 μέτα
1053 2579 1250 2668 λόσοντας“

119 2689 258 2762 ε’λθεῖν
280 2683 404 2780 ἥρωας
435 2684 651 2774 ἀντιθέους,
690 2686 725 2757 in
758 2685 874 2781 quibus
900 2679 1111 2778 Λαμνόθεν
1143 2681 1235 2756 ἕλκει

118 2783 336 2882 τειρόμενον
359 2787 554 2885 iungenda.)
574 2787 604 2882 ⁷)
655 2786 785 2883 Atque,
819 2796 856 2857 ut
886 2785 946 2857 illo
967 2787 1142 2858 ‘restitutus
1168 2796 1232 2878 est,

119 2889 329 2964 siuHieruni
354 2891 534 2986 sospitator
560 2890 742 2986 contingat.
794 2887 851 2984 (Id
877 2887 1012 2986 scripsit
1036 2887 1102 2960 itae
1135 2885 1232 2962 οὕτω
1317 2878 1321 2899 “

120 2991 159 3066 δ’
185 2987 322 3086 Ἱέρωνί
346 3017 401 3074 τις
426 2983 601 3087 ὀρθωτὴρ
625 2989 754 3088 πέλοι.)
802 2988 876 3061 Iam
909 3015 987 3062 reno
1014 2989 1178 3082 eamdem,
1213 3013 1233 3062 a

122 3115 187 3191 qua
212 3117 352 3166 exorsus
378 3102 461 3184 erat,
489 3094 684 3166 sententiam
708 3094 841 3190 repetit,
868 3089 1004 3165 Musam
1028 3093 1153 3163 uariata
1179 3091 1232 3162 di-

122 3197 232 3268 utione
257 3197 431 3268 invocans:
469 3195 551 3266 nilnil
584 3196 669 3266 enim
702 3196 785 3268 haee
811 3195 909 3266 uerba
933 3195 1102 3268 continent
1128 3194 1230 3285 aliud,

122 3320 220 3394 quam
246 3297 332 3392 quod
357 3297 487 3392 planius
505 3298 650 3369 dixeris:
677 3319 778 3369 eone
793 3293 1088 3384 oerasen‘tlaaro,
1114 3296 1231 3367 vieto-
1329 3301 1334 3312 '

120 3400 224 3476 riam
245 3399 429 3470 Hieronis
455 3400 572 3470 etiam
591 3396 704 3496 αμαά
713 3395 852 3494 filium
866 3397 949 3468 οιίιε
965 3396 1231 3486 Diuomonem,

123 3513 250 3600 quem
264 3503 331 3573 ille
351 3491 484 3571 ἰιοααο
514 3493 606 3570 urbi
631 3496 838 3598 praefecit.
858 3497 902 3597 ⁸),
955 3495 997 3569 Id
1026 3497 1232 3570 uehementer

210 3803 238 3887 ⁷)
266 3803 337 3864 Non‘
350 3807 389 3862 sio
409 3803 493 3862 dicere
514 3802 724 3874 debebam-sed
751 3801 959 3882 iungenda-esse
979 3801 1134 3876 μετελθεῖν
1154 3799 1230 3860 Λοι-

122 3883 247 3968 μνόθεν.
291 3891 424 3948 Caeterum
448 3889 521 3948 valde
547 3881 690 3966 probabilis·
713 3897 753 3946 est
773 3887 942 3948 Wakefieldii
964 3879 1108 3944 coniectura
1129 3887 1162 3944 ad
1184 3887 1230 3946 So·
1340 3931 1345 3944 .

122 3977 222 4052 phoolis
234 3974 346 4034 Plniloet.
368 3973 440 4033 203.
457 3967 724 4052 μετανάσσονιας,·
737 3969 1036 4047 commendaturque‘eo,
1057 3971 1124 4047 quod
1146 3980 1171 4029 et
1192 3973 1230 4030 fa·

125 4063 182 4119 cilis
194 4071 234 4120 εει
248 4069 273 4119 ει
290 4063 431 4137 aptissima.
463 4055 609 4118 Videndum
631 4067 727 4136 taines,
749 4079 825 4135 quum
848 4057 1001 4118 scholiastes
1020 4050 1230 4133 μεταλλάττον-

103 4149 179 4218 ’τας
199 4166 245 4222 per
265 4135 497 4223 ἕάιζηάήσοντας
524 4146 645 4222 explicet,
678 4161 738 4202 num
768 4143 830 4220 quid
855 4141 977 4220 prodesse
998 4145 1082 4220 possit
1103 4140 1230 4212 Hesychii

35 4225 37 4244 ⁸
123 4232 220 4309 glossa,
239 4229 347 4302 diversa,
360 4240 389 4290 ut
405 4230 514 4300 ridetur,
535 4228 722 4300 confundentis,
744 4224 873 4306 μόσσαι,
895 4225 1030 4306 ζητῆσαι,
1048 4223 1229 4306 καθαρίσαι,

124 4333 273 4398 φορασαι.

163 4441 165 4446 ’
190 4429 239 4524 2⁸)
267 4434 343 4493 Haeo
363 4436 426 4492 ωἰιε
446 4435 580 4493 cauillatus
599 4428 766 4501 Boeckhius,
778 4435 853 4507 quasi
872 4434 942 4508 prior
963 4431 1084 4486 carminis
1104 4441 1165 4502 pm
1182 4422 1228 4495 Sl·
1277 4439 1283 4458 '

159 4529 273 4596 anan.
295 4529 353 4596 οε.
380 4530 451 4602 vu.
993 4523 1025 4588 H
1126 4605 1128 4610 .
