3076 5046
288 327 356 398 aar
470 329 521 394 aa
543 279 760 392 unrocum
781 269 1223 394 recommemorent
1302 423 1305 436 Ι
1339 417 1342 426 ‚

290 496 416 571 bendae
446 496 483 569 in
517 519 619 569 scona
651 496 790 568 alicuine
821 496 973 593 integrae
1003 493 1146 568 fabulae.
1211 491 1407 590 Eaproptar

290 600 375 674 illud
406 599 482 696 ipsa
520 597 741 696 appellatione
781 599 933 695 tragoedi
965 596 1179 693 comoediquc
1213 593 1406 668 dbtincturu

147 724 149 733 ·
229 706 253 768 ¹,
291 711 344 774 eet
369 723 389 772 a
413 699 585 796 tragoedia
611 707 707 797 atque
722 700 916 800 [comoedia.
968 697 1137 796 Integranr
1157 697 1325 793 antiquam
1346 720 1409 770 co-

291 801 453 876 moediam
483 801 519 873 in
551 824 651 875 scena
683 811 789 874 actam
821 801 964 898 prodere
982 801 1125 872 ridetur
1157 798 1240 870 illud
1267 795 1407 896 ἀρχαία

292 901 474 1000 κωμῳδίᾳ
505 903 542 974 in
572 903 788 1000 inscriptione
820 905 934 979 2759.
992 901 1141 975 Canticia
1166 897 1271 998 igitur
1295 907 1408 972 certa·

292 1016 362 1079 tum
387 1015 451 1097 cat,
477 1029 544 1076 non
569 1004 737 1097 diverbiis,
774 1008 850 1102 quia
875 1029 941 1100 non
965 1001 1208 1101 producebatur
1233 1000 1408 1098 tragoedia

294 1115 350 1180 ant
375 1106 557 1197 comoedia,
585 1105 644 1192 sed
668 1130 752 1182 unus
778 1115 903 1180 tantum
928 1106 1046 1178 bietrio
1064 1104 1230 1202 prodibat,
1256 1103 1409 1190 nou-lra-

293 1210 374 1284 bena
396 1209 687 1298 interlocutorem,
714 1209 844 1304 quicum
869 1209 1068 1304 colloquium
1095 1212 1298 1279 consereret.
1348 1202 1408 1278 Ex

292 1318 404 1384 uetere
438 1316 546 1382 autem
579 1311 750 1407 tragoedia
783 1309 1016 1406 comoediaque
1050 1307 1324 1405 depromebantur
1347 1306 1409 1378 illa

151 1487 156 1497 ,
221 1415 223 1420 ’
294 1412 423 1486 cantica
446 1418 644 1512 propterca,
684 1411 772 1508 quod
799 1411 876 1508 quid
902 1421 973 1483 arto
999 1434 1058 1484 sua
1084 1409 1232 1482 ualerent
1255 1407 1409 1504 tragoedi

294 1513 508 1609 comoedique
535 1513 709 1586 ostendero
735 1513 906 1592 dehebant.
964 1512 1007 1583 Id
1039 1513 1126 1584 enim
1150 1510 1295 1584 manime·
1319 1509 1409 1607 epti*

294 1638 409 1711 meque
435 1615 470 1687 in
496 1614 557 1688 tali
582 1615 693 1710 aliqua
718 1639 817 1689 scena
832 1622 1015 1688 monstrare
1036 1620 1202 1709 poterant,
1229 1635 1312 1708 quaa
1331 1619 1410 1684 nota

295 1725 385 1790 eaoct
409 1715 671 1814 spectatoribus,
709 1741 868 1814 quamque
901 1718 967 1788 iam
993 1716 1059 1788 alio
1093 1723 1240 1811 tempore
1266 1713 1308 1784 ab
1334 1713 1409 1784 aliia

296 1827 402 1892 actam
430 1817 607 1909 vidissent,
643 1820 829 1914 scirentque
855 1828 976 1915 quanta
1001 1826 1085 1908 arte,
1110 1825 1149 1888 nt
1172 1823 1263 1887 recte
1290 1837 1411 1910 agero-

296 1929 364 2010 tur,
391 1943 474 2015 opus
499 1920 649 1990 haberet.
698 1919 852 2016 Denique
879 1943 976 2016 quum
1001 1919 1165 1990 actionem
1185 1924 1304 2013 urgeat
1318 1915 1411 1988 Bne-

249 2051 252 2064 ·
297 2018 416 2090 cklrins
443 2020 575 2112 (mirum
602 2027 653 2090 cst
678 2029 785 2091 antem
812 2020 898 2117 qnod
926 2021 1054 2118 quaerit
1077 2043 1136 2093 cur
1152 2042 1218 2091 non
1235 2026 1329 2092 actae
1344 2018 1411 2092 aiat

277 2127 425 2191 'veteres
451 2119 653 2214 tragoediae,
681 2144 778 2215 quum
804 2145 908 2193 novae
935 2123 1001 2192 sint
1018 2128 1131 2194 actaec
1165 2143 1282 2216 nempe
1309 2120 1350 2191 ob
1375 2118 1411 2192 id

298 2221 418 2317 ipsum,
444 2243 486 2291 oe
513 2219 562 2290 bie
588 2221 703 2292 codem
729 2245 850 2318 genere
876 2223 1096 2320 certaretur),
1133 2221 1229 2293 rideo
1256 2245 1329 2294 curn
1357 2220 1412 2292 hic

300 2345 428 2418 quoque
455 2344 503 2393 eo
522 2321 638 2412 relabi,
665 2332 702 2396 ut
728 2332 834 2398 sumat
860 2325 945 2421 qood
971 2349 1038 2396 noo
1063 2331 1115 2396 cat
1141 2323 1410 2413 demonstratum,

184 2415 189 2426 ⁴
263 2491 266 2494 .
300 2417 463 2496 cantatum
492 2447 565 2494 case
591 2426 703 2496 nescio
729 2427 816 2522 quod
843 2451 972 2498 carmen
997 2426 1155 2520 lyricnmt
1187 2447 1253 2522 quo
1279 2423 1412 2498 subiicit

301 2523 537 2621 quodammodo
564 2549 654 2597 suam
680 2526 784 2623 ipsius
811 2529 998 2624 opinionem
1022 2526 1212 2601 Lobeckio.
1264 2525 1412 2600 Tantum

301 2627 394 2698 abest
419 2626 525 2718 enirn,
551 2623 746 2702 Lobeckius
771 2637 808 2700 ut
833 2637 964 2702 cantata
990 2653 1064 2702 erse
1089 2628 1238 2701 voluerit
1255 2651 1413 2700 occeara-

301 2729 365 2818 rio,
393 2751 476 2824 quae
503 2731 651 2803 comoedi
676 2731 891 2830 tragoediqne
918 2733 1085 2822 afferrent,
1111 2737 1149 2802 ut
1171 2731 1334 2804 actionem
1359 2730 1413 2804 rel

301 2829 443 2903 maxime
468 2831 676 2925 spectandam
702 2835 879 2904 censuerit.
929 2832 1005 2906 Non
1032 2843 1083 2907 est
1104 2833 1190 2904 enim
1204 2840 1260 2904 aut
1277 2840 1414 2928 tragoe-

303 2927 363 3002 dus
390 2939 446 3001 aut
471 2933 663 3023 comoedus,
691 2935 746 3028 qui
772 2929 836 3005 non
863 2935 933 3030 agit
958 2941 1118 3032 gestuque
1145 2957 1228 3030 qnae
1255 2933 1338 3026 dicit
1355 2957 1413 3006 oa·

302 3033 391 3103 nitve
418 3033 575 3108 declarat.
626 3032 698 3106 Sed
714 3033 908 3133 τραγῳδὸς
928 3035 1049 3107 dicitur
1066 3043 1100 3106 et
1115 3029 1309 3132 κωμῳὸός,
1337 3035 1413 3131 quia
1521 3125 1522 3132 ἵ

303 3134 395 3205 solus
421 3134 502 3229 agit,
528 3159 594 3206 non
619 3132 834 3230 ὑποκριτής,
866 3161 930 3232 quo
957 3137 1086 3208 nomine
1112 3138 1357 3232 appellaretur,
1383 3135 1412 3208 si
1521 3151 1522 3176 ¹

302 3259 369 3307 non
402 3242 516 3330 ageret
548 3237 652 3309 solus.
718 3237 930 3336 Quapropter
960 3239 996 3310 in
1027 3238 1317 3335 inscriptionibus,
1357 3238 1413 3310 ubi

303 3337 475 3432 tragoedia
500 3345 534 3408 et
560 3338 727 3426 comoedia
749 3347 959 3431 memoratur,
984 3364 1051 3412 non
1071 3336 1265 3444 τραγῳδὸς
1290 3350 1323 3414 et
1340 3367 1414 3414 noo
1450 3379 1453 3384 ·

183 3511 190 3526 ,
234 3491 237 3495 -
302 3433 449 3534 pudic,
490 3439 549 3510 sed
573 3437 769 3536 ὑποκριτὴς
800 3450 851 3514 eet
884 3441 1097 3537 adscriptum.
1155 3440 1256 3532 Sed,
1292 3442 1412 3538 inquit,

304 3539 410 3639 qaod
434 3537 646 3616 Lebeclcc‘uo
670 3544 844 3616 maxime
869 3546 1060 3643 meglcmit,
1086 3545 1207 3643 opirius
1231 3547 1342 3618 illum
1364 3541 1414 3617 dc

135 3723 137 3730 Ι
304 3653 465 3714 cantore
489 3645 629 3716 caterio
653 3643 882 3744 tragoediae
906 3647 1135 3718 sententiam
1155 3669 1323 3746 prorem
1341 3669 1412 3719 αα-
1521 3689 1522 3694 =

255 3739 428 3818 toolrcdtr
448 3746 624 3841 plurium
650 3747 849 3819 directorum
871 3748 1037 3837 collatio,
1065 3771 1183 3846 quam
1199 3747 1340 3820 iterum
1355 3749 1413 3820 im·
1521 3767 1522 3780 ¹

304 3842 420 3914 otitmo
452 3845 606 3936 incitus.
674 3847 867 3925 Contendo
906 3851 1032 3949 c‘gitm·
1063 3871 1120 3920 cae
1151 3875 1191 3923 n.
1221 3853 1336 3927 1584.
1377 3858 1417 3922 et

281 3997 285 4012 ,
308 3942 416 4016 1585.
442 3941 514 4016 leae
538 3951 679 4020 rerico:
989 3951 992 3956 ’

355 4106 547 4211 τραγῳδός
837 4115 1029 4212 [κωμῳδὸς
1038 4114 1413 4215 παλαιᾶςκωμῳδίας]

332 4227 338 4240 ’
354 4207 536 4308 κωμῳὸός
669 4275 672 4282 .
834 4217 1027 4318 τραγῳδὸς
1036 4225 1193 4302 παλαιᾶς
1204 4215 1415 4322 τραγῳδίας

356 4313 504 4416 ποιητὴς
520 4305 693 4414 σατύρων
799 4371 846 4392 η.
949 4376 957 4393 .
1062 4378 1070 4394 .
1182 4379 1191 4396 .
1301 4375 1312 4396 .
