3070 5048
469 361 520 446 nu
539 373 895 474 demessuimus
1178 331 1244 446 m
1342 419 1345 428 .

132 563 198 639 que
226 561 264 614 ru
293 543 430 638 pedet
453 537 694 620 Pidostrann
724 541 760 616 in
785 539 862 616 vit.
898 540 1256 641 εοιι1ι1ε1.Π,4.ιι.’

132 645 222 718 550.
246 649 281 716 et
301 642 511 715 sehuliestum
526 642 686 720 Aristidis
702 668 738 740 p.
753 646 842 720 342.
857 667 930 741 seq.
955 643 1111 720 videndus
1125 644 1245 720 Moun-

132 746 200 818 sius
224 745 259 816 in
284 742 527 820 Panathenoeis
551 769 583 820 ο
613 745 674 820 19.
698 745 734 820 iu
755 743 920 820 Grououii
937 745 1045 822 Thes.
1070 747 1139 820 rol.
1154 745 1244 821 VII.

131 846 222 920 Miro
247 853 336 935 sunt,
363 869 446 942 quae
472 847 513 918 de
538 846 603 921 hoo
626 846 694 920 ritu
720 847 855 944 scripsit
881 846 1067 924 Greuuerus
1091 848 1127 926 in
1143 845 1244 943 Sym·

131 949 198 1022 hol.
215 947 292 1020 nol.
318 943 370 1019 ΙΙ.
403 972 438 1044 p.
466 951 569 1024 814.
587 947 781 1046 Explioatio
814 949 942 1024 facilise
979 951 1086 1046 ipsum
1119 951 1176 1045 qui
1201 950 1241 1022 de
1381 1005 1385 1026 ,

130 1049 297 1122 dominatu
313 1049 446 1121 Atticae
472 1074 544 1122 oum
571 1049 633 1120 dea
659 1051 835 1124 certaverit
852 1049 1040 1148 Neptunum
1067 1052 1098 1122 ei
1113 1045 1292 1128 victrici13

24 1165 28 1174 '
130 1151 286 1225 honorem
318 1149 451 1222 hahere.
513 1147 791 1243 Quemadmodum
825 1153 910 1224 enim
943 1154 1018 1226 aliis
1053 1177 1182 1252 quoque
1208 1152 1243 1223 iu

128 1252 214 1326 loeis
239 1250 412 1348 Neptunus
446 1251 654 1326 contendisse
687 1253 727 1326 de
760 1277 864 1348 regno
892 1275 963 1327 cum
991 1255 1053 1326 diis
1079 1254 1243 1350 indigenis

130 1353 262 1446 dieitur,
288 1353 446 1426 amedeus
472 1354 586 1426 littora
610 1355 776 1448 fluctibus,
803 1355 850 1426 ita
868 1355 1010 1430 Athenis
1037 1351 1165 1454 quoque
1186 1379 1244 1427 ee·
1346 1390 1351 1402 ·

128 1453 344 1528 lehrata'iuit
369 1454 530 1527 eiusmodi
557 1457 737 1546 contentio,
765 1481 862 1551 quum
889 1460 1082 1552 pruesertim
1108 1460 1143 1528 iu
1169 1458 1243 1552 ipsa

128 1579 206 1634 aree
241 1555 315 1628 ious
347 1563 437 1628 esset
462 1557 757 1653 solummodum,
795 1567 948 1650 strepens
973 1559 1072 1632 dente
1097 1558 1243 1632 Austros
1395 1641 1398 1656 ,

93 1725 100 1740 ,
129 1657 171 1729 de
196 1681 261 1752 quo
286 1656 378 1732 fonte
404 1655 587 1732 Pausanias
615 1656 645 1732 Ι.
673 1659 734 1747 26,
761 1658 800 1732 5.-
827 1655 915 1740 vll.
941 1663 1001 1750 10,
1028 1664 1066 1734 4.
1114 1658 1244 1732 Viden·

128 1757 190 1830 dus
217 1757 257 1830 de
284 1783 324 1830 eo
349 1755 521 1858 Meursius
546 1759 581 1830 in
608 1756 772 1854 Cecropio
798 1783 829 1836 ο.
859 1759 919 1836 19.

141 1881 145 1884 ·
230 1859 417 1934 Redeamus
451 1859 613 1955 tantisper
645 1859 687 1934 ud
719 1859 905 1955 Pelasgos,
941 1865 975 1929 et
1008 1857 1138 1955 quidem
1171 1883 1243 1951 eos,

27 1975 32 1985 ’
127 1961 185 2059 qui
202 1959 376 2035 Dodouem
401 1962 568 2034 tenebant.
620 1959 693 2034 Eos
719 1985 803 2057 pene
830 1960 1007 2034 uerendum
1034 1969 1086 2031 est
1110 1985 1151 2032 ue
1170 1963 1244 2056 quis

126 2073 275 2136 autnon
300 2061 485 2160 Pelasgus,
519 2061 578 2138 sed
602 2057 785 2156 Hellenos,
821 2071 878 2134 aut
911 2070 1082 2158 utramque
1111 2055 1243 2158 gentem

126 2189 224 2236 unam
249 2163 352 2240 fuisse
379 2164 512 2257 eredat,
546 2172 583 2236 ut
607 2161 898 2255 Hemsterhusius,
934 2164 1051 2263 quiin
1076 2161 1243 2260 Lennepii

125 2265 361 2366 Etymologieo
387 2291 421 2337 u.
448 2263 586 2347 Σελλὸς
617 2266 670 2338 vei
696 2275 821 2362 partem
856 2266 908 2338 vol
934 2266 1147 2362 propaginem
1174 2265 1244 2336 Pe·

126 2369 299 2479 lasgorum
332 2365 446 2440 Sellus
480 2391 553 2462 esse
588 2366 816 2439 existimabat:
861 2391 957 2461 quem
992 2377 1125 2466 praeter
1156 2368 1241 2438 ulios
1393 2367 1399 2376 ’

126 2479 285 2566 sequutus
310 2476 362 2539 est
388 2465 436 2540 G.
461 2466 509 2538 Η.
527 2466 655 2538 Bodius
682 2467 717 2538 in
742 2467 1017 2540 commentatione
1044 2466 1084 2536 do
1103 2463 1241 2563 Orphe'o
1284 2477 1290 2484 '

125 2597 160 2670 p.
187 2573 250 2646 67.
277 2569 470 2666 videturque
496 2567 611 2642 eodem
635 2567 795 2640 inclinare
823 2564 864 2638 G.
890 2565 953 2638 Fr.
973 2564 1181 2658 Hermunnus
1207 2569 1241 2640 in
1315 2571 1319 2579 '
1394 2637 1398 2650 „

126 2698 168 2745 eo
195 2695 289 2766 quem
317 2693 417 2769 supra
443 2668 515 2740 dixi
539 2667 625 2742 libro
652 2669 694 2766 ᾗ.
721 2670 758 2740 8.
809 2664 899 2738 Nota
925 2673 1001 2738 suut
1025 2663 1086 2738 illo
1102 2665 1242 2738 Homeri

125 2771 228 2844 Iliad.
253 2768 360 2845 XVI.
387 2771 473 2844 233.

228 2927 304 2998 Ζεῦ
329 2920 405 2997 ἄνα
429 2917 646 3007 Δωδωναῖε,
673 2916 891 3018 Πελασγικέ,
917 2911 1051 3012 τηλόθι
1076 2913 1209 3005 ναίων,

227 3020 417 3120 Δωδώνης
439 3019 586 3119 μεδέων
609 3017 862 3118 ὃυςχειμέρου·
890 3016 991 3116 ἀμφὶ
1016 3015 1057 3092 δὲ
1083 3016 1219 3092 Σελλοὶ

76 3123 78 3131 ’
229 3125 289 3201 σοὶ
313 3124 459 3202 ναίονσ’
489 3122 690 3221 ὑποφῆται,
716 3118 960 3203 ἀνιπτόποδες
965 3176 979 3209 ,
1002 3125 1239 3219 χαμαιεῦναι.
1313 3124 1315 3130 ’

124 3279 328 3353 Aristoteles
353 3277 536 3350 Meteoroi.
560 3273 593 3348 Ι.
622 3279 682 3366 14,
709 3279 772 3350 22.
799 3273 956 3349 diluuium
978 3271 1253 3347 Deueulioneuun
1354 3365 1355 3376 ἵ

124 3380 293 3477 ingruisse
318 3379 431 3468 diceus
456 3376 662 3476 potissimum
694 3373 777 3468 περὶ
801 3373 870 3469 τὴν
889 3368 1046 3446 Ἑλλάδα
1077 3370 1146 3469 τὴν
1171 3373 1241 3470 ἀρ·

122 3479 259 3579 χαίανε
286 3477 380 3574 αὕτη
404 3476 442 3553 d'
473 3474 573 3552 ἐστὶν
596 3473 620 3571 ἡ
645 3473 728 3569 περὶ
749 3471 942 3569 Δωδώνην
965 3472 1030 3548 καὶ
1053 3471 1121 3548 τὸν
1138 3474 1241 3569 'Appe-

125 3589 244 3681 λῷον·
277 3572 384 3668 οὗτος
415 3577 500 3681 γὰρ.
521 3583 706 3670 πολλαχοῦ
736 3575 780 3650 τὸ
795 3580 930 3670 ῥεῦμα
956 3573 1238 3670 μεταβέβληκεν.

126 3685 253 3782 ᾤκουν
277 3680 349 3784 γὰρ
375 3682 410 3756 οἱ
428 3677 561 3756 Σελλοὶ
585 3679 754 3754 ἐνταῦθα
779 3676 842 3752 καὶ
869 3677 903 3750 οἱ
924 3672 1144 3768 καλούμενοι
1157 3673 1240 3754 τότε

125 3784 197 3884 μὲν
222 3781 395 3880 Γραιαοί,
427 3788 502 3858 νῦν
525 3779 561 3858 d'
581 3777 759 3875 Ἕλληνες.
817 3777 911 3852 Nihil
936 3777 977 3849 ad
1003 3801 1094 3868 rem,
1128 3779 1159 3850 si
1183 3780 1239 3854 hie

127 3887 276 3962 ooniudit
297 3885 526 3958 Thessalicam
542 3881 717 3956 Dodonom
744 3904 814 3954 curn
841 3880 1027 3954 recentiore
1043 3875 1236 3976 Epiroticae

26 4037 28 4045 ·
127 3990 169 4062 de
205 4013 269 4086 quo
296 3987 338 4062 G.
359 3987 511 4062 Ritterus
543 3986 578 4058 in
610 3977 722 4058 Atrio
741 3983 951 4056 historiarum
985 3979 1237 4078 Europauarum
1316 4053 1321 4060 ,

73 4099 76 4110 “
128 4115 162 4187 p.
195 4093 283 4166 ³84.
321 4114 415 4186 seqq.
474 4086 743 4189 Vtraque-enirn
776 4084 964 4180 Pelasgico-
1025 4082 1234 4178 Hesychius

119 4188 251 4280 Ἔλλοί,
272 4189 439 4288 Ἕλληνες
464 4187 498 4264 oi
523 4191 564 4264 ἐν
587 4180 757 4282 Δωδώνῃ
782 4184 845 4262 καὶ
869 4185 906 4260 οἱ
929 4184 1055 4283 ironic:
1088 4185 1145 4278 uhi
1169 4207 1235 4258 neu
1289 4213 1299 4226 “
1336 4183 1340 4192 ’

127 4317 212 4390 opus
239 4316 311 4366 esse
335 4302 372 4368 ut
395 4289 460 4368 καὶ
484 4289 520 4365 οἱ
544 4291 585 4366 ἐν
605 4284 774 4383 Δωδώνῃ
799 4288 904 4386 ἱερεῖς
929 4289 1104 4375 scribetur,
1131 4306 1235 4380 oppu-

127 4403 180 4468 rot
204 4420 248 4468 eu
274 4395 325 4467 his
350 4395 495 4470 eiusdem
520 4393 647 4470 uerbis:
680 4388 829 4480 Σιλλοί,
849 4391 962 4472 ἔθνος
984 4389 1028 4463 ἐν
1051 4378 1261 4482 Δωδώνῃ,

170 4510 364 4592 Hermon.
390 4509 459 4581 v11.
1006 4501 1030 4569 S
