3076 5046
657 1385 726 1446 nn
1225 1362 1228 1374 ’
1252 1371 1277 1442 a

140 1541 494 1644 runcon'nm·
518 1559 927 1657 cononnrnoun
965 1543 1190 1690 ‘crunon
1211 1557 1253 1674 ⁴⁸)

138 1922 371 2055 Tragoediae
389 1957 594 2032 Graecorum
620 1957 1037 2058 comoediaeqoeorigines
1058 1960 1093 2032 in
1112 1959 1253 2033 obscuro
1290 1978 1293 1988 “

138 2059 243 2132 latere
269 2061 482 2156 gravissimus
515 2070 631 2140 auctor
658 2061 833 2135 affirmavit
857 2061 1071 2135 Aristoteles.
1124 2061 1251 2134 Verum

139 2169 247 2232 tamen
272 2158 388 2236 nostm
413 2172 524 2254 actas,
557 2172 595 2236 ut
619 2164 731 2236 multis
763 2165 797 2236 in
822 2165 921 2237 rebus
947 2165 1057 2237 abdita
1082 2165 1117 2236 in
1142 2165 1252 2236 lucem
1376 2199 1378 2208 v

138 2263 332 2359 protrahere
359 2273 477 2336 conata
504 2273 567 2355 est,
594 2266 641 2335 ita
667 2267 763 2336 etiam
789 2266 852 2338 hac
872 2268 906 2337 in
922 2268 1113 2360 quaestione
1128 2265 1256 2362 aliquid
1396 2331 1401 2342 ,

139 2363 322 2436 audendum
346 2373 438 2455 rata,
465 2365 638 2436 divinando
664 2366 864 2462 inuestigare
891 2367 1028 2458 studuit,
1056 2391 1138 2462 qnae
1164 2367 1252 2438 anti·

139 2465 315 2561 quissimae
340 2465 463 2536 luerint
487 2466 633 2536 istorum·
646 2475 830 2560 poematum
852 2467 989 2538 formae.
1039 2467 1092 2538 Ac
1111 2468 1250 2562 primus,

138 2566 228 2664 quod
253 2565 424 2656 sciamus,
441 2564 558 2636 doctus
585 2565 715 2660 qnidam
741 2563 881 2655 Gallus,
909 2567 963 2637 cui
987 2589 1104 2636 nomen
1130 2565 1251 2660 Vatry,

2 2695 6 2709 ·
136 2669 175 2738 in
219 2664 471 2736 Commentariis
517 2663 717 2739 Parisiensis
756 2666 954 2737 Academiae
994 2662 1251 2761 Inscriptionum

136 2767 215 2839 rol..
225 2763 311 2839 XV.
336 2766 460 2861 lyricae
486 2767 654 2838 cuiusdam
679 2766 868 2862 tragoediae
895 2767 1148 2864 comoediaeque
1174 2791 1253 2863 spe·

138 2866 224 2942 ciem
249 2876 357 2940 mente
384 2870 555 2966 concepit,
598 2868 684 2964 quod
720 2869 827 2952 etat
852 2869 977 2942 Arione
1002 2868 1249 2964 Methymnaeo,

138 2968 245 3044 Suida
271 2977 375 3062 testa,
408 2965 542 3066 τρόπος
566 2967 739 3070 τραγικὸς
763 2972 915 3042 inventus
941 2980 1048 3063 osset,
1083 2959 1117 3044 et
1141 2971 1250 3068 poetis

138 3070 339 3170 quibusdam,
355 3072 481 3168 lyricis,
515 3081 552 3144 ut
578 3071 724 3144 Pindaro
750 3082 785 3144 ct
810 3070 987 3164 Simonidi,
1014 3073 1204 3170 tragoediae
1229 3095 1249 3144 a

138 3173 360 3270 grammaticis
384 3174 660 3266 adscriberentur,
687 3175 868 3271 nominique
886 3176 1012 3271 aliquot
1028 3185 1146 3272 poetae
1164 3175 1250 3246 sori·
1297 3205 1301 3216 ¹

3 3353 6 3362 ,
137 3275 250 3372 psisne
276 3274 463 3370 dicerentur
489 3276 690 3370 tragoedias.
741 3273 811 3346 Sed
831 3276 927 3348 huius
949 3277 1078 3372 quidem
1097 3277 1159 3348 viri
1182 3275 1248 3348 dis·

139 3375 276 3449 sertatio
311 3382 402 3446 tanta
426 3376 560 3446 levitate
587 3377 711 3470 scripta
737 3383 806 3461 est,
839 3386 877 3447 ut
907 3392 1039 3473 praeter
1062 3378 1127 3448 ista
1152 3378 1250 3448 testi·

137 3477 249 3564 monia
273 3475 355 3546 nihil
382 3476 543 3565 attulerit,
571 3499 634 3571 quo
658 3476 843 3573 opinionem
862 3501 953 3548 snam
970 3477 1144 3552 stabiliret.
1177 3478 1249 3550 Po·

138 3587 211 3652 stoa
236 3578 281 3649 Α.
307 3575 497 3650 Boecklnius
528 3578 563 3647 in
589 3574 794 3648 Oeconomia
817 3578 1066 3654 Atheniensium
1102 3579 1169 3651 rol.
1193 3579 1247 3652 ΙΙ.

138 3705 174 3778 p.
190 3681 277 3756 acl.
304 3702 398 3776 seqq.
424 3677 594 3749 renovavit
617 3675 709 3749 illius
732 3678 944 3758 coniecturae
958 3681 1157 3772 memoriam,
1184 3683 1248 3752 tri·
1373 3700 1377 3714 ·

133 3783 199 3854 ¹ltus
224 3779 443 3878 potissimum.
457 3788 563 3851 motos
588 3779 857 3874 inscriptionibus
874 3780 1057 3872 meoticis,
1085 3805 1167 3877 quae
1194 3790 1246 3854 te-

140 3884 223 3955 stari
255 3882 392 3978 lyricum
418 3905 521 3978 genus
554 3881 743 3978 tragoediae
770 3882 1020 3978 comoediaeque
1046 3882 1245 3956 riderentur.

139 3985 279 4057 Assem
311 3991 387 4056 sunt
418 4007 484 4056 non
518 3983 623 4055 solum
649 3979 710 4054 Fr.
737 3981 808 4056 Th.
834 3983 1038 4056 Welckerns
1069 3994 1102 4057 et
1128 3984 1170 4058 G.
1197 3983 1244 4056 Ο.

139 4085 319 4178 Mtillerns,
346 4085 404 4158 sed
430 4087 528 4158 etiam
547 4083 609 4158 Fr.
626 4083 851 4160 Thicnschius'
868 4087 904 4160 in
927 4085 1178 4162 Introductiona
1201 4083 1244 4157 ad

225 4389 257 4473 uJ
284 4349 366 4450 nnn
384 4400 424 4450 ot
444 4411 469 4451 a.
491 4389 583 4454 uaso.

982 4481 1042 4550 02
