3076 5046
241 259 290 299 A.

328 337 379 398 nn
399 337 616 400 monna
637 336 906 406 couonnuuun
927 341 1076 404 emron.
1192 339 1295 438 aar
1351 383 1355 388 -
1409 308 1410 318 '

189 493 389 600 ὖπονριτῆς
446 539 453 582 ,·
649 563 686 582 ,.
781 561 800 586 ,.
903 563 913 580 .
1025 555 1036 577 .

189 602 340 699 ποιητὴς
351 603 575 708 τραγῳδιῶν
674 605 823 704 ποιητὴς
845 615 974 705 καινῆς
997 607 1199 706 κωμῳδίας

188 701 389 800 διωκριτῆς
641 706 867 805 -ὑποκριτὴς
890 717 1020 807 καινῆς
1043 709 1247 808 κωμῳδίας
1355 733 1357 752 ¹

185 805 340 902 ποιητὴς
353 807 565 905 κωμῳδιῶν
671 810 820 906 ποιητὴς
843 819 972 908 καινῆς
996 811 1208 912 τραγῳδίας

14 931 15 938 ’
97 921 103 928 ’
185 905 388 1006 ὑποκριτής
671 909 869 1010 ὑποκριτὴς
892 921 1022 1010 καινῆς
1041 912 1255 1016 τραγῳδίας

127 1057 287 1158 Sponte
306 1070 430 1162 patet,
460 1064 530 1164 qui
553 1089 591 1137 re.
622 1065 729 1138 1585.
757 1076 816 1136 eet
837 1063 1019 1162 κωμῳδὸς
1043 1077 1085 1140 et
1105 1092 1254 1168 τραγῳ-

43 1175 50 1196 “
79 1240 88 1252 Ν
127 1158 204 1244 δὸς
229 1167 387 1246 παλαιᾶς
410 1161 611 1260 κωμῳδίας
634 1177 675 1238 et
698 1163 927 1266 τραγῳδίας,
961 1193 1047 1240 eum
1072 1195 1111 1242 u.
1142 1172 1251 1245 1584.
1276 1175 1283 1248 s

126 1264 364 1364 simpliciter
389 1289 470 1354 esse
502 1265 721 1340 comoedum
753 1280 794 1341 et
822 1267 1054 1368 tragoedum
1085 1268 1254 1344 dictum:

126 1377 177 1452 at
206 1391 326 1466 quum
351 1364 553 1440 comoedus
577 1381 617 1441 et
639 1367 855 1470 tragoedus
879 1372 1105 1471 simpliciter
1121 1371 1251 1448 de'ctue

125 1491 216 1538 mom
249 1471 468 1552 necessario
494 1481 666 1543 uetustae
695 1468 859 1560 subulae
891 1473 1089 1544 cauticum
1114 1483 1249 1566 currat,

14 1577 15 1582 ’
125 1579 173 1639 et
199 1577 332 1640 tamea
355 1571 422 1642 ille
441 1596 524 1669 par
549 1573 602 1642 sit
624 1569 799 1644 coueoedo
826 1583 863 1644 et
884 1571 1072 1672 tragoedo
1093 1582 1252 1660 παλαιᾶς
1297 1565 1316 1660 J

122 1666 337 1763 κωμῳδίας
361 1683 408 1754 αἱ,
422 1668 645 1771 τραγῳδίας,
666 1685 784 1770 patet
805 1671 967 1746 παλαιὰν
983 1700 1061 1746 moa
1082 1698 1162 1747 ease
1178 1675 1249 1772 su·

125 1765 269 1840 bedam
294 1777 518 1862 tractamus
538 1770 612 1846 sed
635 1799 766 1874 gertus
791 1785 981 1848 uetustum
1005 1777 1157 1847 receuti
1175 1801 1250 1876 ge-

123 1873 226 1944 mere'
249 1865 475 1974 opmooitum.
535 1873 688 1948 Deuade
720 1859 793 1976 qui
819 1902 858 1976 op.
887 1877 995 1950 1584.
1023 1879 1250 1970 u‘mplice'tor

123 1971 283 2068 πόιητῆς
308 1975 372 2046 ool
392 1971 590 2070 ὑποκριτὴς
613 1973 835 2076 τραγῳδιῶν
859 1989 900 2050 et
921 1971 1135 2074 κωμῳδιῶν
1150 1975 1249 2050 dici-

125 2085 222 2164 των,
262 2077 296 2148 ie
322 2087 382 2148 eet
411 2103 450 2150 m.
481 2079 588 2152 1585.
623 2075 771 2176 ποιητῆς
803 2081 867 2152 uel
895 2077 1091 2175 ὑποκριτὴς
1119 2086 1248 2176 καινῆς

123 2173 345 2276 τραγῳδίας
378 2189 417 2250 et
445 2176 665 2274 κωμῳδίας·
707 2179 812 2262 uude
845 2183 968 2281 liquet
1002 2178 1136 2277 καινὴν
1168 2207 1247 2259 uon

125 2301 215 2352 esee
240 2304 379 2352 uooam
402 2277 589 2374 subulam
621 2293 795 2354 actitatae
820 2285 1053 2382 oppositam,
1088 2282 1160 2356 sed
1176 2309 1246 2384 ge·

123 2378 208 2452 urae
234 2383 350 2452 aliud
369 2381 431 2452 itit
444 2383 603 2482 audique
627 2384 771 2480 generi
784 2377 1247 2480 oppositumsPoetremo
1309 2459 1315 2464 ,

120 2505 322 2580 gomorum
354 2482 527 2579 ι’μιιονιιω
551 2481 765 2578 Διι’τ“νω·αι’ΐιιιι
790 2485 994 2555 aestimari
1023 2507 1079 2555 ee:
1110 2508 1247 2562 receu-

122 2583 230 2653 te'ore
250 2594 400 2680 μοιτιτς
425 2581 532 2681 quood
553 2607 671 2682 aarum
697 2585 749 2653 sit
769 2581 1042 2672 dramaticum,
1068 2593 1177 2674 eomes
1200 2581 1245 2656 il·
1275 2605 1280 2632 ¹

122 2677 206 2752 lud
222 2682 453 2756 'ticceau-to
490 2695 549 2755 est
577 2685 745 2780 lyricum
777 2677 1054 2756 iudicandum:
1089 2696 1128 2756 et
1151 2685 1245 2779 lyri-

122 2807 220 2855 cum
246 2781 317 2856 doc
343 2795 424 2855 tum
450 2781 547 2856 alibi
558 2783 924 2884 frequentissimam
943 2796 1010 2888 eat,
1037 2798 1116 2856 tum
1133 2781 1245 2858 leade-

123 2893 197 2955 tur
223 2885 266 2957 e'u
288 2887 447 2986 urete'quo
469 2889 580 2959 titulo
596 2914 635 2959 re.
656 2888 763 2960 1583.
779 2889 863 2960 ciue
877 2883 1115 2960 dramatico:
1140 2883 1245 2961 uude

124 2987 297 3086 colligas
329 3012 465 3060 receus
490 2988 667 3061 additum
692 3012 773 3062 erae
797 2986 867 3059 doc
892 2989 1088 3062 eccrce'cum
1118 2989 1160 3060 ιἰι
1184 2986 1245 3062 lu'e
1276 3055 1280 3060 ,

123 3087 256 3174 ludim
281 3087 441 3191 adeoque
466 3093 598 3163 ultimo
619 3091 702 3186 loco
715 3091 879 3190 ponitur
899 3116 937 3163 u.
958 3093 1069 3173 1584.
1086 3090 1129 3162 iu
1145 3087 1243 3164 Oda-

123 3191 282 3265 re‘tesr‘is.
333 3191 409 3262 Non
436 3193 539 3263 dicam
567 3218 630 3289 ego
656 3193 831 3290 quidquam
857 3187 972 3264 horum
999 3192 1038 3262 ab
1063 3189 1241 3265 Lobeekio

123 3290 328 3388 neglectum,
355 3294 412 3364 sed
439 3296 548 3388 petius
570 3295 821 3389 diligentissime
838 3294 1002 3390 pensitato
1024 3317 1097 3364 esse
1118 3294 1240 3386 omnia,

124 3400 284 3490 recteque
311 3393 469 3464 subducta
494 3395 621 3466 ratione
648 3394 837 3467 conclusum
863 3419 937 3466 esse
963 3395 1162 3466 contrarium
1183 3399 1240 3467 καί

96 3515 212 3586 uum,
241 3519 323 3591 quae
338 3495 529 3575 Boeckhius
556 3487 705 3592 collegit.
756 3493 938 3566 Videamus
963 3496 1069 3591 primo
1094 3494 1134 3566 de
1153 3495 1239 3568 sori·

36 3637 38 3648 ‚
124 3602 225 3690 ptura
250 3597 431 3670 titulorum.
483 3596 574 3668 Illud
605 3598 640 3680 in
672 3596 887 3692 inscriptione
916 3597 1026 3670 1585.
1058 3593 1241 3691 κωμῳδὸς

124 3705 286 3800 παλαιῶς
309 3695 565 3795 κωμῳδίαςδα
587 3723 647 3770 suo
670 3697 791 3768 adiecit
805 3697 1010 3789 Boeckhins,
1036 3697 1119 3770 liaeo
1139 3699 1238 3770 verba
1353 3699 1357 3724 ‘

125 3819 308 3898 nomenque
335 3801 483 3873 comoedi
510 3801 549 3871 ab
576 3824 616 3872 eo
643 3799 699 3896 qui
724 3799 901 3897 descripsit
928 3799 1059 3871 titulum
1083 3799 1237 3896 neglecta

125 3921 200 3972 esse
226 3912 330 4000 ratus.
380 3901 446 3975 Est
471 3903 536 3974 hoo
561 3899 734 3992 eiusmodi,
759 3910 796 3972 ut
821 3901 966 3998 potuen‘t
992 3899 1122 3998 quidem
1146 3901 1237 3994 fieri,

126 4001 186 4072 sed
211 4013 319 4077 tamen
344 4031 410 4077 nnn
433 4004 553 4076 idonea
579 4027 695 4076 caussa
721 4010 883 4100 statuatur
907 4003 1028 4076 facturn
1052 4009 1146 4095 esse,
1174 4028 1234 4075 eo-

127 4125 189 4196 que
215 4108 422 4188 temerarium
447 4106 596 4177 videatur
626 4106 872 4203 inscriptionem
897 4106 1078 4178 mutilatam
1102 4112 1233 4202 putare.

20 4236 24 4250 ·
126 4197 219 4278 Nihil
244 4203 335 4304 cogit
359 4210 445 4282 enim
470 4215 507 4280 ut
532 4207 700 4300 credamus
734 4233 801 4280 non
832 4232 906 4280 esse
930 4201 1113 4306 aliquando⁴
1131 4207 1233 4278 omis-

63 4329 68 4336 ·
128 4325 195 4378 sum
222 4317 386 4384 certamen
418 4309 648 4384 comoedorum
672 4309 794 4417 veteris
819 4311 1026 4404 comoediae,
1060 4307 1147 4381 sicut
1170 4307 1232 4378 iis·
