3086 5050
133 381 156 428 ·'
248 394 450 466 -nurronro
470 401 523 469 au
544 397 890 467 mausumrruunu
909 373 1111 467 uuuusnno
1171 397 1238 470 tou

121 569 220 646 idedu
245 569 310 646 siiri
326 569 453 644 *ianam
478 579 514 644 et
538 571 677 669 gloriam
699 571 901 669 pepererint,
924 561 989 646 nee
1003 561 1134 665 dueere,
1160 570 1237 668 qui·

122 673 191 754 bue
202 674 356 747 maiorem
378 672 556 770 possimus,
571 673 741 746 minorem
756 673 925 770 impertire
941 673 1113 747 honorem.
1164 670 1241 746 (iu-1

121 775 259 848 mudum
290 774 401 872 potius
435 799 528 864 esse,
562 783 598 848 ut
629 774 807 868 iaciamus,
841 775 926 873 qnod
953 777 1046 873 ipsos
1070 775 1169 868 illes,
1204 774 1237 848 si

124 877 283 968 uiuerent,
312 875 508 972 probaturos
534 899 599 967 non
626 875 861 950 dubitaremus.
912 873 996 950 Nam
1021 901 1159 976 magnos
1184 875 1238 950 ri·
1353 925 1355 934 ‚

123 1001 181 1054 ros
206 977 384 1051 abhorrere
399 1014 401 1020 v
416 979 457 1050 ab
482 979 548 1051 ista
575 979 737 1069 vanitate,
775 987 812 1051 ut
836 1003 873 1052 se
899 977 1059 1052 eoiumnis
1084 977 1142 1051 ant
1166 986 1238 1050 sta·-

123 1081 190 1156 tuis
214 1080 416 1152 immortales
441 1104 515 1154 esse
542 1081 663 1154 uelint:
704 1080 803 1156 saetis
835 1105 913 1172 eos,
947 1080 1047 1154 sicuti
1073 1100 1176 1178 ‚quum
1201 1081 1238 1154 in

122 1183 186 1258 luae
209 1183 285 1254 luea
311 1182 536 1274 versabantur,
563 1183 661 1256 etiam
683 1191 839 1256 aroeatsu
861 1206 905 1255 ex
923 1203 964 1256 aa
980 1183 1092 1266 rivam
1107 1191 1239 1278 optare.
1307 1215 1309 1225 ·

122 1282 234 1358 Huius
265 1307 345 1380 ergo
378 1284 428 1356 rei
459 1283 503 1356 iis
535 1281 663 1382 eripiam
695 1284 873 1380 praebere,
906 1283 941 1355 id
967 1302 1041 1357 usse
1066 1283 1176 1356 iacere
1199 1289 1239 1356 ut

123 1393 266 1484 pergant
290 1385 414 1475 uisere,
440 1408 581 1482 vereque
607 1385 673 1458 sint
698 1387 919 1474 immortales3
945 1386 1030 1460 hane
1052 1385 1239 1458 instamus

125 1487 257 1583 diguam
283 1489 439 1584 pietatem
465 1511 558 1576 esse;
584 1488 669 1560 inane
688 1487 1027 1560 convenientissimam
1046 1496 1080 1559 et
1097 1486 1239 1560 unanime

125 1586 567 1683 deeoramptestiiiestionem
594 1588 742 1662 honoris.
792 1588 909 1686 Neque
926 1611 1006 1660 uero
1023 1589 1126 1662 nilum
1148 1585 1240 1660 aliud

125 1710 231 1787 genus
255 1689 468 1782 monumenti,
496 1690 581 1786 quod
609 1700 723 1762 nostra
749 1690 879 1786 quidem
896 1697 989 1763 aetus
1006 1690 1136 1785 erigere
1157 1713 1241 1787 pos·

126 1793 191 1884 sit,
223 1800 289 1863 tam
314 1791 442 1863 iirruum
470 1814 543 1865 esse
570 1815 610 1866 ae
635 1791 836 1864 diuturnum.
886 1789 971 1864 Nam
998 1800 1130 1864 caetera
1154 1801 1241 1866 tems·

125 1910 208 1990 pore
233 1893 404 1990 paullatim
429 1893 577 1967 consumi
591 1917 642 1968 'ae
667 1893 827 1966 deformia
851 1893 944 1966 tiaris
971 1917 1013 1966 ex
1041 1916 1109 1990 qno·
1131 1892 1239 1989 sequi,

125 2001 165 2066 at
188 2004 254 2088 ant,
270 2003 425 2068 corruant
456 2004 513 2068 aut
538 2019 557 2068 e
583 2004 762 2092 eonspeetu
794 1995 959 2068 hominum
991 2003 1239 2068 removeanturr

126 2117 171 2168 ea
197 2120 272 2193 qua·
285 2119 322 2168 re
349 2104 457 2169 antem
482 2097 610 2169 utilitas
634 2098 856 2172 inuisitatem
871 2096 1045 2188 redundet,
1072 2117 1143 2168 eam
1158 2093 1241 2168 eonss
1270 2117 1275 2140 ·

127 2198 272 2290 seruari,
298 2198 418 2270 muniri
443 2198 600 2271 adversus
626 2199 815 2291 interitum,
847 2199 998 2296 adaptari
1023 2198 1266 2294 temporibus,7

127 2321 227 2396 saepe
253 2300 351 2372 etiarn
377 2300 585 2396 amplificari,
611 2307 649 2371 ut
674 2300 757 2374 haee
782 2299 967 2373 certissima
983 2299 1028 2372 sit
1044 2299 1240 2394 minimeque

128 2398 227 2473 dubia
251 2401 338 2472 ratio
363 2400 607 2496 perpetuandae
633 2402 830 2473 memoriae:
865 2401 1079 2498 quinetiam,
1105 2399 1136 2471 si
1154 2399 1242 2478 forte

128 2501 305 2598 aliquando
330 2511 505 2575 senescant
529 2502 611 2574 talia
636 2510 694 2574 aut
717 2503 895 2592 intereant,
921 2510 1042 2592 tamen,
1070 2499 1146 2572 dum
1171 2508 1244 2572 sta·¹
1378 2525 1380 2531 ⁴

128 2610 216 2694 rent,
242 2603 338 2676 utilia
364 2602 485 2677 fuisset
501 2611 679 2700 >mausum
701 2601 934 2702 praestabilius
954 2625 1042 2696 esse,
1068 2601 1156 2702 qued
1177 2601 1244 2676 aii·
1378 2657 1385 2672 ι
1431 2670 1433 2678 .

129 2704 295 2804 quamdiu,
322 2728 421 2801 quam
444 2705 530 2802 quod
557 2727 729 2800 numquam
756 2703 930 2804 profuerit.

230 2806 295 2879 His
320 2807 372 2878 iiii
397 2805 500 2878 serroe
525 2808 746 2903 argumentis,
780 2805 996 2904 probabiliter
1019 2828 1117 2897 sane,
1145 2825 1245 2876 ears·

130 2931 200 2982 saun
226 2933 318 2980 suam
344 2907 534 2982 defendunt.
592 2907 708 3005 Neque
737 2931 834 3001 uero,
860 2907 924 3005 'qni
956 2907 1054 2980 aliter
1084 2907 1247 2997 sentiunt,-

76 3009 83 3017 ’
131 3033 196 3082 uon
223 3010 362 3102 hahent,
396 3010 482 3106 quod
517 3009 586 3082 iiiia
612 3018 793 3108 opponant.
844 3008 1028 3107 deprimo
1054 3007 1245 3081 aliudesse

132 3111 265 3202 dieunt,
299 3112 329 3184 si
362 3113 436 3208 quis
460 3113 532 3210 ipse
559 3113 612 3184 rel
639 3113 823 3186 aedilicium
849 3111 1043 3210 publiunnr,
1069 3109 1157 3210 quod
1182 3133 1246 3182 ex-

132 3215 311 3304 struxerit,
350 3215 404 3286 rel
431 3213 521 3286 aiiud
547 3213 624 3310 qnid
650 3214 690 3285 aio
716 3239 790 3286 sese
815 3213 1001 3286 institutum
1026 3236 1070 3286 ex
1095 3237 1156 3284 suo
1182 3235 1247 3284 nu·

128 3313 219 3388 uuiue
245 3315 407 3411 apqrellari
433 3315 525 3388 uelit.
583 3311 668 3388 Nam
701 3315 735 3385 id
767 3323 857 3386 reete
887 3337 1027 3410 uereque
1053 3310 1247 3402 monuineu·

133 3423 201 3488 tum
227 3431 301 3487 esse
327 3416 411 3505 eins,
438 3439 458 3486 a
483 3439 560 3513 quo·
575 3415 619 3487 sit
638 3414 835 3511 proiectum,
861 3415 959 3487 etiarn
974 3414 1003 3486 si
1017 3437 1081 3486 nee
1095 3435 1248 3510 magnum

134 3517 180 3590 sit
204 3539 266 3589 nee
290 3515 509 3612 splendidum.
559 3515 631 3588 Adii
658 3540 735 3590 uero
761 3517 791 3588 si
817 3515 894 3612 quid
919 3513 1105 3588 huiusmodi
1130 3515 1165 3586 in
1187 3539 1248 3588 eu·

133 3619 273 3716 inspiam
306 3619 464 3692 honorem
496 3618 637 3711 iaciant,
674 3619 773 3692 etiam
805 3617 835 3690 si
870 3616 1104 3714 amplissimum
1137 3615 1182 3688 sit
1213 3624 1249 3690 at
1325 3703 1331 3718 Ι

82 3772 91 3789 s
135 3720 399 3818 splendidissime
432 3729 650 3809 exornetur,
671 3744 713 3792 ne
746 3719 813 3792 diei
845 3717 976 3816 quidem
1007 3725 1098 3791 reete
1130 3741 1250 3792 monn-

135 3831 278 3895 mentum
309 3845 409 3921 posse
442 3822 534 3913 eius,
579 3822 673 3894 unius
704 3845 822 3894 nomen
855 3827 972 3918 gerute
1008 3829 1249 3894 monumentum

136 3925 223 3998 enim
247 3925 282 3996 id
309 3947 403 4016 esse,
438 3923 524 4020 quod
550 3931 655 3996 toturn
681 3923 777 3995 unice
802 3919 977 3995 maineriae
1004 3921 1249 3996 conseruandae

137 4027 183 4098 sit
206 4026 422 4115 destinatum,
456 4026 514 4098 aiii
539 4024 590 4098 rei
615 4025 645 4098 si
670 4023 847 4116 inserviat,
874 4023 996 4122 agnitis
1021 4024 1249 4119 confessisque
1280 4019 1281 4026 '

137 4126 276 4219 meritis,
303 4129 446 4224 speeiem
472 4127 624 4226 praetexi
649 4127 867 4218 monumenti,
901 4127 1058 4201 memoria
1081 4126 1118 4198 in
1141 4125 1273 4204 nonni-8
1313 4159 1316 4168 ·

138 4229 191 4302 nis
217 4251 332 4300 sonum
358 4231 551 4303 conclusas
578 4228 687 4302 Porro
713 4254 779 4302 non
805 4253 848 4300 ex
876 4227 985 4321 iente,
1022 4251 1065 4300 ex
1092 4249 1162 4322 qno
1188 4225 1251 4298 de-

140 4331 228 4422 beat,
256 4341 376 4423 ortum,
404 4331 538 4406 nerim
565 4331 694 4428 quidem
721 4354 812 4421 eam,
839 4354 936 4428 quam
960 4328 1090 4419 debeat,
1116 4324 1253 4402 babere·

139 4431 224 4508 Nam
250 4433 330 4532 poni
354 4431 562 4508 monumenta
587 4432 826 4525 admirationis,
851 4428 1084 4524 uenerationis,
1109 4429 1251 4528 gratiae
1280 4479 1281 4482 =
