3076 5046
313 419 375 478 »nn
398 415 583 480 amcam
603 415 791 480 annnoens
812 399 1041 506 nonnemo
1165 419 1231 491 noo

111 585 279 683 Apertam
304 608 347 656 ex
372 583 425 658 lis
450 593 515 677 eat,
541 583 727 682 Oedipum,
763 584 873 658 malim
904 592 943 658 nt
973 591 1097 682 patrem
1125 586 1165 658 ao
1191 611 1229 660 se

111 687 263 760 occisam
282 695 487 783 matremque
514 687 665 783 ooniogis
690 688 765 760 loeo
792 685 935 760 habitam
960 686 1146 779 intellexit,
1173 688 1228 760 fn-

109 797 241 862 rentem
269 787 384 860 dolore
409 796 443 860 et
468 789 583 862 oeulos
609 789 673 860 sibi
694 787 847 860 elloolisse
870 796 904 861 et
918 787 1020 878 filios,
1047 813 1129 885 qnos
1145 791 1228 862 edo·
1357 867 1362 878 ,

109 915 206 964 casse
233 887 441 986 poeniteret,
472 899 603 964 mutuae
629 889 722 962 caedi
748 889 945 962 devovisse.-
983 889 1080 982 Quod
1106 892 1226 964 sisini

109 993 265 1064 constitit
289 990 493 1086 Aeschylus,
527 993 626 1066 etiam
647 991 693 1064 ‘in
718 990 777 1064 illa
802 991 932 1082 labala,
969 1013 1032 1088 qua
1058 987 1275 1091 Oeolipamlii

107 1093 246 1191 piaenla
271 1117 332 1164 sna
360 1103 612 1186 cognoscentem
645 1093 744 1184 lenit,
778 1117 843 1166 non
875 1100 1013 1190 psopter
1045 1103 1226 1168 oommnta-

107 1204 174 1266 tam
203 1215 279 1267 cnm
305 1195 440 1266 lnnmero
466 1195 558 1268 lonis
582 1218 712 1285 coxam,
739 1194 799 1267 sel
825 1193 911 1290 qnod
930 1218 974 1266 ex
989 1195 1118 1268 ineeatn
1143 1221 1225 1292 pro·

107 1297 215 1388 creati
243 1303 374 1386 essent,
400 1295 536 1370 devotos
562 1321 582 1368 a
607 1305 702 1394 patre
728 1296 815 1368 dixit
839 1295 941 1368 lilios.
992 1294 1047 1368 Ita
1072 1307 1222 1396 apparet,

105 1421 166 1470 ean
194 1397 288 1470 olinae
313 1397 398 1470 istae
422 1399 457 1468 in
483 1396 621 1494 Septem
646 1398 688 1470 αδ
710 1397 847 1470 Thebas
873 1421 906 1470 a.
921 1400 1009 1474 772.
1034 1396 1223 1499 παλαίφα-

28 1547 31 1552 -
105 1523 164 1571 τοι
192 1495 285 1590 ἀραὶ
311 1507 479 1570 vooentar.

210 1597 323 1672 Venio
349 1623 436 1672 nnne
468 1599 508 1671 ael
535 1623 607 1670 eam
638 1598 825 1695 trilogiam,
861 1598 896 1670 in
929 1621 993 1694 qne
1017 1597 1154 1696 Septem
1180 1601 1223 1674 ael
1253 1659 1255 1674 .

102 1700 249 1774 Thebas
273 1699 417 1778 fuerant.
477 1699 564 1774 Eius
590 1700 744 1795 toilogiae
770 1723 867 1796 quam
893 1696 1030 1796 Septem
1057 1701 1097 1772 ad*
1124 1700 1223 1774 Tle-

89 1799 163 1874 ΙΙιιιιι
199 1800 341 1874 mediam
371 1802 481 1874 loenm
514 1801 659 1873 tenuisse
684 1825 749 1874 non
776 1801 906 1872 dolium
933 1800 1101 1892 videatur,
1136 1802 1222 1875 illntl

102 1913 217 1976 tamen
251 1928 314 2000 ego
340 1901 471 1977 minime
496 1902 675 1993 affirmem,
711 1902 848 1999 primam
882 1901 1084 1998 tragoediam
1116 1899 1221 1978 luisse

101 2003 277 2078 Nemeam.
328 2003 455 2077 Nomen
481 2005 578 2076 laius
603 2003 732 2076 fabulae
757 2004 915 2076 insertum
942 2012 994 2077 est
1018 2003 1132 2095 inlici,
1161 2005 1220 2078 sed

102 2103 187 2178 nihil
214 2131 258 2178 ex
285 2130 325 2178 ea
348 2107 538 2180 nominatim
557 2113 744 2192 servatam,
796 2105 1018 2177 Releremlnm
1043 2114 1151 2180 tamen
1177 2106 1219 2179 al
1353 2107 1358 2114 ’
1461 2133 1462 2140 “

87 2231 175 2279 eam
202 2208 275 2280 sine
302 2207 420 2299 dnbio,
455 2207 542 2305 qnod
568 2208 764 2280 scholiastes
790 2205 927 2279 Pindari
953 2208 986 2278 in
1013 2208 1218 2304 praelatione

101 2307 304 2381 Nemeorum
330 2309 370 2382 de
395 2309 602 2382 institutione
627 2309 765 2381 istorum
791 2309 941 2381 lnelornm
965 2308 1117 2406 sempsit:
1152 2310 1218 2382 άλ-

57 2479 61 2489 ,
100 2415 159 2512 λοι
185 2409 241 2498 δέ,
268 2402 323 2484 ὦν
348 2407 425 2482 ἐστὶ
448 2407 511 2482 καὶ
527 2405 723 2502 Αλσχύλος,
749 2407 806 2480 ἐπ’
829 2403 1040 2503 Ἀρχεμόρῳ
1065 2417 1119 2504 τῳ
1149 2415 1218 2483 Νε-

101 2510 194 2605 μέας
219 2507 336 2584 παιδί.
387 2509 472 2582 Nam
498 2511 548 2582 sie
574 2510 761 2581 ἐτίλλετο
786 2509 888 2580 relent
902 2509 1128 2602 Apollodorus
1144 2508 1215 2585 III.

101 2616 139 2704 6,
166 2617 205 2686 4.
235 2640 334 2707 παρα
360 2605 528 2705 ενόμενοη
552 2605 593 2682 δέ
619 2613 668 2691 είς
686 2605 845 2702 Νεμέαν,
869 2601 911 2703 ἧς
930 2604 1119 2700 ἐβασίλευε
1133 2612 1217 2683 Λυ-

100 2721 280 2812 κοῦργος,
314 2638 466 2806 ἐέήτουν
490 2708 612 2807 ὕδωρ·
645 2706 709 2784 καὶ
734 2707 860 2790 αὐτοῖς
882 2702 1044 2807 ἡγήσατο
1068 2716 1133 2804 τῆς
1157 2707 1223 2782 ἐπέ-

100 2809 245 2910 κρήνην
271 2810 362 2886 ὁδοῦ
382 2807 579 2910 Ὑψιπύλη,
612 2805 744 2906 νήπιον
775 2806 892 2884 παῖδα
925 2809 1015 2884 ὄντα
1034 2807 1217 2906 Ὀφέλτην

102 2915 349 3002 ἀπολιποῦσα,
361 2959 365 2968 ·
375 2911 419 2988 ὃν
444 2914 607 3010 ἐτρεφεν,
633 2908 840 3009 Εὐρυδίκης
856 2911 947 2986 ὄντα
963 2908 1026 2984 καὶ
1040 2907 1216 3008 Λυκοόρ-

102 3042 182 3115 yov.
245 3012 469 3113 αἰσθόμεναι
500 3013 574 3117 γὰρ
608 3015 647 3088 αἱ
677 3008 845 3110 Λήμνιαι
877 3011 1033 3107 ὕστερον
1068 3010 1216 3089 Θόαντα

103 3116 351 3213 σεσωσμένον,
387 3120 526 3192 ἐκεῖνον
550 3115 621 3213 μὲν
645 3116 823 3205 ἐκτειναν,
856 3113 925 3211 τὴν
950 3112 991 3190 δέ
1012 3111 1214 3214 Ὑψιπύλην
1320 3111 1323 3118 ’

53 3263 55 3270 κ
103 3214 383 3316 ἀπημπόλησαν.
421 3217 481 3292 διὸ
507 3220 695 3316 πραθεῖσα
720 3213 887 3312 ἐλάτρευε
912 3215 1013 3314 παρὰ
1038 3213 1215 3312 Λυκοόρ-
1349 3295 1357 3311 ,

102 3345 167 3417 yae.
221 3315 460 3415 δεικνυούσης
491 3317 625 3415 δέιτὴν
656 3315 795 3415 κρήνην
821 3317 841 3391 ὃ
866 3323 952 3400 παῖς
976 3317 1215 3416 ἀπολειφθεὶς

103 3416 173 3495 ὑπὸ
199 3416 405 3520 δράκοντος
428 3418 698 3517 διαφθείρεται.
748 3417 816 3491 τὸν
840 3417 910 3512 μέν
935 3413 1004 3494 οὖν
1024 3413 1214 3513 δράκοντα

103 3519 340 3620 ἐπιφανέντες
353 3521 387 3594 οἱ
407 3519 499 3614 μετὰ
518 3517 724 3616 Ἀδράστου
738 3517 933 3606 κτείνουσι,
958 3517 1025 3592 τὸν
1040 3518 1081 3593 δὲ
1094 3520 1212 3595 παῖδα

103 3609 327 3698 θάπτουσιν.
371 3618 600 3721 Ἀμφιάραος
632 3619 674 3696 δέ
698 3619 798 3694 εἶπεν
822 3617 970 3702 ἐκείνοις
993 3617 1037 3694 τὸ
1062 3626 1213 3715 σημεῖον

103 3721 148 3794 τὰ
170 3725 354 3820 με’λλοντα
378 3719 713 3822 προμαντεύεσθαι.
762 3719 830 3795 τὸν
850 3719 891 3794 δέ
904 3720 1021 3795 παῖδα
1037 3721 1212 3819 Ἀρχέμο-

104 3847 169 3918 ρον
193 3823 384 3902 ἐκάλεοαν.
443 3826 478 3898 o‘i
502 3823 543 3899 δέ
570 3825 708 3897 ἐθεσαν
733 3821 788 3894 ἐπ’
818 3821 920 3918 αὐτῷ
945 3820 1012 3897 τὸν
1036 3831 1114 3899 τῶν
1137 3831 1210 3900 Na·
1267 3879 1269 3886 s

5 3985 8 3994 .
103 3923 202 4014 μίτον
228 3929 371 4030 ἀγῶνα.
421 3925 484 4002 καὶ
502 3927 603 4022 ἵππῳ
615 3921 687 4022 μέν
701 3922 864 4020 ἐνίκησεν
880 3922 1094 4022 Ἄδραστος,
1120 3949 1210 4000 στα-

105 4021 173 4123 δίῳ
198 4029 240 4104 δέ
258 4032 457 4116 Ἐτέοκλος,
493 4035 621 4129 πυγμῇ
651 4021 809 4115 Τυδεύς,
842 4023 980 4120 ἅρματι
1002 4025 1066 4102 καὶ
1090 4025 1208 4125 δίσκῳ

98 4120 346 4227 Ἀμφιάραος,
386 4128 546 4228 ἀκοντίῳ
576 4123 790 4217 Λαόδοκος,
832 4124 929 4224 πάλη
968 4128 1207 4224 Πολυνείκης,

105 4221 197 4326 τόξῳ
222 4235 521 4330 Παρθενοπαῖος.
581 4231 622 4304 In
648 4232 700 4304 lais
731 4231 814 4305 nihil
840 4239 910 4324 est,
946 4255 989 4303 ex
1016 4255 1078 4328 qno
1105 4255 1206 4326 angn-
1346 4293 1352 4300 .

104 4327 244 4404 mentam
278 4335 351 4430 oapi
374 4335 522 4432 potuisse
556 4334 702 4407 videatur
734 4341 844 4429 aptum
876 4331 1086 4430 tragoediae,
1114 4353 1204 4426 ¹qnae

105 4449 158 4500 res
183 4433 360 4508 Thebanae
391 4438 585 4510 contineret.
641 4433 727 4507 Nam
758 4435 822 4506 etsi
855 4431 1020 4528 Opheltae
1050 4431 1203 4502 interitus
1292 4472 1294 4476 -
