3070 5048
466 437 467 444 ι
535 397 783 465 inmemor.
1139 397 1205 466 aar
1276 439 1304 502 4
1415 477 1417 482 ,
1478 489 1481 496 ¹

96 565 160 640 etsi
192 563 408 654 certissimum
441 572 493 640 cst
525 573 654 642 veteres
687 525 839 648 Graecos
876 591 983 665 neque
1014 567 1208 668 Apollinem

96 669 200 742 solem
225 692 286 740 nec
310 667 451 740 Dianam
477 670 588 744 lunam
614 694 689 747 esse
713 669 908 745 credidisse.

89 779 91 784 “
192 768 390 852 Nomina
363 795 392 842 sn
418 770 683 863 consideramus,
717 794 800 869 quae
831 767 1042 869 praecipuum
1075 769 1118 846 ad
1143 794 1207 846 ex·

95 871 265 969 plicandas
292 879 418 944 veteres
443 872 571 954 fabulas
596 883 793 948 momentum
817 874 958 965 babent,
984 873 1118 946 multum
1146 895 1207 946 ue·

96 974 179 1072 getii
203 970 373 1046 facessivit
398 972 505 1046 doctis
529 973 675 1072 Apollo,
707 1000 803 1073 quem
829 973 1008 1070 Tbessali,
1044 984 1081 1048 ut
1104 974 1206 1050 Plato

96 1075 129 1147 in
155 1072 236 1146 Crat
238 1075 359 1172 ylop
377 1077 465 1149 405.
491 1074 533 1149 (1.
559 1074 752 1169 tradidit,
741 1081 896 1164 Απλῶν,
920 1084 958 1150 ut
983 1077 1206 1151 columnarum

95 1185 203 1248 autem
228 1184 435 1252 monumenta
457 1177 883 1269 οι1ιιιι1ιι1,Ἀπλοι1να
908 1179 1087 1269 vocabant,
1120 1179 1208 1252 sicut
1320 1217 1324 1244 ι

95 1271 251 1351 Etruscis
275 1278 384 1373 Aplu
400 1277 582 1354 dicebatur
638 1279 725 1352 Eum
760 1305 838 1377 ego
856 1280 985 1376 quidem
1010 1303 1137 1378 neque,
1172 1283 1211 1354 ut

96 1377 144 1454 (1.
170 1377 405 1474 Bernhardy
395 1403 430 1450 ιι
461 1380 602 1454 bistonio
627 1380 832 1456 Graecarum
863 1383 1047 1454 litterarum
1080 1383 1148 1455 vol.
1173 1379 1209 1456 Ι.
1352 1441 1355 1456 .

94 1482 220 1580 pen.
253 1483 401 1555 ot157.
435 1482 526 1578 qnasi
555 1482 1207 1580 donapatremappellatumcredaru,

93 1606 200 1678 neque
233 1580 379 1654 adducor
409 1590 446 1654 ut
478 1607 596 1656 nornen
628 1584 715 1658 istud
742 1609 815 1655 cum
840 1583 1077 1656 Buttmanno
1066 1609 1101 1656 nn
1126 1583 1208 1680 My·

43 1687 45 1693 ’
93 1684 180 1757 tbnl.
205 1683 273 1755 vol.
299 1680 331 1755 Ι.
364 1707 400 1779 ιι.
429 1685 515 1758 167.
549 1692 584 1756 et
593 1679 819 1760 Creuncro
808 1709 844 1756 nn
876 1682 1027 1780 symbol.
1059 1683 1252 1768 vol-115

92 1809 130 1882 p·
159 1785 245 1874 1117.
270 1809 315 1856 ex
331 1782 505 1880 'Afiniana
534 1784 657 1861 iactum
690 1811 764 1860 esse
796 1792 921 1882 putem.
979 1782 1038 1867 Sit
1060 1785 1119 1858 illc
1145 1809 1206 1882 per

92 1911 146 1960 me
171 1886 252 1974 licet
277 1886 331 1958 vel
354 1885 583 1961 Hebraeorum
606 1886 723 1978 Iubal,
749 1887 853 1978 illud,
890 1911 954 1984 quo
981 1885 1108 1961 Gracci
1133 1911 1208 1978 cum
1332 1929 1335 1936 ·

93 1987 306 2085 appellabant
329 2012 460 2080 nomen,
488 1988 584 2066 etiam
611 1990 640 2061 si
665 1988 753 2063 sorte
776 1989 904 2086 origine
924 1989 1207 2086 peregrinumsit,

94 2087 262 2164 Graecum
287 2113 360 2162 esse
388 2097 532 2186 oportet,
558 2090 741 2189 referrique
767 2091 808 2163 ad
825 2091 951 2164 sororis
967 2098 1081 2188 aperte
1095 2087 1207 2164 Grae-

94 2215 167 2264 cam
191 2190 472 2287 appcllationem'
472 2191 656 2287 Ἄρτεμιν.
700 2193 793 2285 Quae
811 2216 910 2289 quum
923 2192 1127 2289 integram
1099 2191 1207 2290 sugui-
1349 2187 1351 2204 '

94 2292 186 2382 ficet,
213 2301 465 2366 consentaneum
491 2301 542 2364 ost
567 2293 757 2366 fratrem
728 2319 799 2368 enus
825 2295 885 2366 tali
910 2293 1051 2402 quodqm
1075 2295 1206 2366 nomine

86 2393 280 2490 ,praeditum
304 2417 392 2484 esse,
419 2392 507 2510 quod
531 2393 578 2464 ita
604 2404 693 2466 essct
719 2394 919 2490 oppositum,
946 2403 984 2465 ut
999 2375 1093 2465 ambo
1114 2418 1207 2468 com·
1330 2485 1333 2492 .

93 2494 185 2566 muni
211 2492 348 2591 quadem
373 2494 507 2565 notione
536 2494 902 2592 comprehenderentur.
951 2495 1056 2588 Atqui
1080 2491 1207 2567 Graeci
1315 2551 1321 2556 .
1395 2489 1398 2506 '

24 2643 25 2650 ι
93 2595 286 2715 Apollinem
312 2595 353 2666 ab
378 2583 581 2668 ἀπολλύναι
605 2594 728 2666 dictum
753 2595 880 2685 volunt,
907 2593 993 2719 quod
1011 2593 1109 2665 bodie
1131 2601 1208 2666 sunt

94 2699 155 2794 qui
179 2703 302 2768 temere
327 2696 533 2792 vituperent,
559 2695 821 2790 contendantque
846 2695 887 2766 ab
913 2692 1079 2769 ἀπίλλειν
1106 2717 1209 2766 voca·
1326 2745 1331 2756 ι

93 2809 167 2872 tum
200 2819 294 2887 esse,
333 2796 420 2895 quod
452 2803 499 2869 et
517 2795 737 2869 Doriensibus
776 2803 862 2870 toste
894 2795 1088 2870 Herodiano
1120 2793 1208 2892 apud
1240 2843 1244 2846 -
1376 2811 1378 2815 ’

93 2897 482 2994 Eustatbiump.183,
507 2900 577 2972 10..
592 2895 800 2985 Ἀπέλλων,
825 2905 860 2970 et
879 2897 1044 2970 veteribus
1059 2894 1208 2988 Latinis,
1276 2963 1279 2969 ι

94 2997 567 3119 uthstuslrclem,1lpello
594 2998 701 3072 dictus
727 2999 784 3092 sit,
809 3024 876 3075 non
902 2999 1086 3095 cogitantes
1113 3021 1208 3096 quam

95 3101 185 3176 baud
210 3101 346 3174 multum
370 3053 456 3194 abbit
481 3103 559 3200 quin
584 3126 621 3174 se
642 3102 708 3198 ipsr
697 3100 978 3228 reprehendant,
1005 3100 1209 3228 quandoqui-

98 3205 174 3277 dem
199 3227 242 3274 ex
267 3227 332 3278 una
356 3187 534 3303 eademqne
559 3203 669 3277 radice
697 3212 730 3276 et
755 3201 921 3276 ἀπίλλειν
946 3211 980 3275 et
1005 3197 1210 3278 ἀπολλύναι

96 3315 333 3432 provenerunt.
382 3303 513 3378 Eodem
529 3306 680 3422 pertinet
686 3304 860 3376 Aeolicum
878 3301 1012 3398 ἀπέλλη
1029 3329 1090 3400 pro
1107 3303 1210 3376 ciaco-

97 3401 158 3500 λή,
184 3402 314 3522 dequo
341 3403 831 3488 ChoeroboscusrnCrameri
837 3405 967 3478 Anecd.
992 3403 1042 3478 II
1068 3430 1104 3501 p.
1092 3405 1208 3496 ,175,

99 3511 163 3582 33.
214 3504 279 3577 His
303 3506 406 3602 igitur
430 3506 563 3577 illorum
584 3506 717 3578 deorum
734 3503 918 3577 nominibus
937 3513 993 3601 q'ur
982 3505 1109 3578 altius
1131 3503 1210 3601 quid

99 3610 236 3682 subesse
262 3606 394 3698 volunt,
422 3607 523 3704 ‘facile
546 3606 737 3703 Apollinem
762 3607 825 3677 vim
851 3616 987 3679 naturae
1012 3606 1210 3702 peremptriss·

100 3735 193 3801 cem,
235 3708 378 3781 Dianam
410 3717 517 3780 autem
549 3709 614 3780 vim
646 3707 919 3780 conservatricem
954 3731 1028 3780 esse
1061 3707 1208 3799 credent,

101 3811 255 3907 quoniam
286 3808 452 3906 pereundo
484 3807 714 3904 noscendaque
746 3807 876 3888 constat
908 3817 1004 3905 atque
1035 3809 1209 3882 incolumia

102 3920 252 3986 servatur
275 3936 385 3984 rerum
409 3919 543 3985 naturae
577 3910 792 4007 convenitque
818 3909 1086 4006 quodnascendi
1109 3934 1210 4008 prae·
1316 3981 1323 3992 ,

102 4038 158 4086 scs
184 4021 234 4084 est
258 4013 380 4085 Diana.
432 4011 558 4085 Contra
590 4036 667 4084 vero
701 4013 755 4084 cui
786 4011 931 4108 placebit
962 4011 1086 4109 aliquid
1121 4010 1209 4109 quod

103 4113 210 4188 oculis
235 4116 325 4186 cerni
338 4115 446 4213 possit
460 4113 617 4210 intelligi,
643 4138 709 4185 non
722 4112 823 4185 mirer
839 4113 869 4184 ai
888 4112 1013 4186 dubitet
1027 4138 1068 4185 an
1082 4121 1210 4185 utrum·

103 4239 166 4311 qne
193 4238 310 4287 nomen
334 4217 375 4288 ad
400 4217 511 4288 lunam
535 4216 710 4313 pertineat,
737 4237 820 4311 quae
844 4238 931 4288 nunc
954 4217 1092 4312 integra
1105 4237 1209 4311 appa·

96 4321 174 4406 ret,
210 4341 297 4388 nunc
321 4326 391 4390 tota
415 4317 542 4415 perisse
569 4317 715 4408 videtur,
750 4317 867 4413 idque
882 4342 921 4390 eo
947 4319 1021 4414 ipso
1047 4323 1207 4410 tempore,

103 4441 125 4488 a
158 4443 220 4514 quo
255 4417 361 4492 dictus
392 4419 497 4494 videri
528 4426 640 4516 potest
661 4417 785 4514 Apollo
810 4414 1011 4518 νεομήνιος
1062 4413 1208 4488 Verum·
1309 4462 1313 4469 -
