3076 5046
237 449 239 453 .
286 396 363 460 'DE
384 393 534 460 BUABUS
553 395 875 462 mscannonrnns
896 394 1063 463 emera
1179 399 1243 468 1⁷5

134 562 280 656 Etenim,
305 570 345 642 nt
368 561 484 640 urdine
506 561 541 636 id
567 563 746 660 explieem,
771 563 861 662 qued
882 563 1042 658 diaetam,
1068 573 1140 640 urta
1159 591 1244 664 qua-

134 666 209 738 dum
229 689 312 762 epus
333 687 421 756 esee,
446 688 542 738 neme
563 665 770 759 initiabitur,
796 666 938 740 omnium
960 668 1099 764 primum
1115 668 1160 761 ei,
1186 669 1244 766 qui

134 766 294 844 eiusmodi
318 773 561 844 monumentum
584 767 798 864 interpretari
818 775 917 866 atque
935 769 1103 865 integram
1121 771 1244 866 aggre-

134 869 260 962 diatur,
286 868 352 942 hee
376 890 450 946 esse
475 868 673 960 enrandmn,
699 876 737 944 ut
759 870 882 944 litteris
908 871 1051 968 segnitia
1076 880 1168 972 reete
1191 873 1246 944 le-

134 979 253 1067 gantur
277 992 362 1068 quae
386 969 536 1044 feruntur
558 969 595 1042 in
619 969 731 1068 lapide
757 995 845 1046 esse.
894 969 945 1046 Et
959 972 1025 1048 isa
1041 972 1171 1071 quidem
1190 973 1246 1058 in·

133 1073 270 1170 scriptio
295 1071 374 1147 talis
397 1077 468 1148 esta
840 1091 876 1148 .·

501 1219 857 1290 oouANueuun

435 1323 821 1389 urnaraxrrao

497 1423 915 1490 nrunrrorrnar

502 1525 939 1592 orrouznnauaao

499 1625 864 1690 rarunraurru

437 1725 814 1790 uarrouumunu

448 1826 939 1914 urrzronorrarrm)

132 1965 341 2039 Litterarum
372 1961 499 2060 figurae
533 1961 678 2036 minores
717 1987 813 2058 quam
848 1963 936 2061 apud
967 1962 1176 2038 Bueeluhium
1213 1970 1273 2048 et4

133 2067 326 2166 pinguiores
351 2073 429 2138 sunt
451 2065 487 2138 iu
507 2061 606 2138 Rusii
620 2063 730 2156 ¹libro,
755 2065 791 2138 in
817 2090 881 2161 que
908 2090 1006 2164 quum
1032 2065 1248 2140 omniforme

133 2157 201 2249 tum
227 2167 461 2266 inaequalitate
487 2190 547 2240 sua
567 2173 634 2242 tam
655 2173 769 2263 aperte
786 2167 991 2265 antiquitatis
1005 2169 1150 2266 speeiem
1165 2159 1251 2267 prae

134 2296 170 2347 se
195 2271 319 2363 ferunt,
346 2277 474 2342 utnon
502 2267 649 2341 rideatur
674 2265 817 2341 dubitari
841 2294 954 2365 pesse,
981 2271 1060 2367 quin
1079 2270 1247 2368 aliquantu

133 2373 266 2454 fidelius
292 2372 359 2446 sint
384 2391 576 2466 expressae.
627 2365 717 2440 Sunt
739 2368 775 2442 in
799 2369 870 2440 illis
901 2372 1044 2462 littems,
1075 2395 1157 2467 quae
1183 2371 1249 2444 ali·

134 2475 214 2574 quid
240 2471 455 2547 dubitationis
480 2469 666 2544 admittant.
717 2466 803 2540 Nam
829 2469 915 2566 quud
939 2471 1134 2546 insecundo
1150 2495 1249 2546 versu

134 2577 296 2674 seriptum
328 2580 380 2648 est
404 2578 461 2658 Σ,
500 2569 638 2646 formam
660 2568 769 2640 ‘habet
800 2570 896 2640 ualde
929 2571 1091 2644 diuersam
1123 2573 1163 2644 ab
1195 2596 1250 2664 ea,
1389 2605 1394 2616 ¹

135 2702 201 2776 qua
233 2673 349 2748 eadem
378 2672 492 2747 littura
515 2669 552 2742 in
577 2667 719 2742 metaris
743 2669 893 2742 uersibus
924 2670 1017 2767 pieta
1040 2675 1104 2744 est.
1118 2673 1150 2770 ³)
1207 2670 1251 2744 lu

132 2865 446 2882 ...μ--υ--ιι--ιι

222 2976 252 3060 ²)
281 2975 414 3042 &uuanda
435 2978 486 3036 suit
507 2976 649 3052 scriptura,
682 2995 759 3052 quam
779 2973 930 3036 Beenkhinn
951 2974 1037 3050 dedit,
1068 2973 1137 3052 quud
1165 2995 1198 3036 ex
1219 2995 1252 3038 ea

136 3075 227 3126 eontra
245 3063 408 3124 Bueekhium
435 3061 593 3140 disputatum
620 3066 669 3119 est.
711 3059 807 3120 Veram
829 3066 979 3138 scripturam
985 3103 995 3134 ,
1029 3081 1062 3118 ex
1087 3065 1144 3138 ipse
1165 3059 1251 3138 lapide

136 3169 295 3230 expressam,
311 3147 346 3207 L.
357 3147 470 3206 Hessius
490 3151 518 3216 in
534 3147 659 3205 fasciculo
677 3151 759 3224 prime
772 3149 967 3223 inscriptionum
978 3145 1107 3223 Naupliae
1122 3164 1145 3204 a.
1158 3143 1250 3205 1834.

136 3256 163 3294 ιι.
184 3230 237 3296 55.
259 3233 352 3292 edidit:
381 3232 449 3290 unde
471 3234 601 3310 apparebit
628 3237 717 3308 quanti
738 3235 861 3290 momenti
882 3235 917 3290 sit
938 3234 999 3290 aeid
1026 3230 1087 3308 qnid
1109 3231 1192 3288 sitin
1213 3233 1251 3298 la·

136 3319 195 3397 pide
219 3325 352 3396 seriptum.
393 3317 490 3393 Lapis,
519 3321 593 3377 auius
615 3320 778 3380 extremam
800 3323 908 3394 utraque
927 3324 1000 3396 parte
1020 3319 1179 3386 interierunt,
1200 3316 1250 3377 alm

137 3407 251 3464 riseimis
271 3405 366 3478 litteris
385 3399 451 3459 haee
470 3403 590 3478 praebete

243 3497 249 3512 '
544 3513 854 3567 oonanueurn
945 3521 949 3526 ·

541 3599 572 3648 N
578 3598 870 3656 ΤΕΛΙΣΕΥῴΙ-(ὶ

494 3681 875 3734 ΘῙΟΠΟΣΤΟΙΣΔΑΝ

492 3751 864 3818 ozrorzunaueuo

459 3851 563 3932 012·
583 3849 846 3900 TETPAKITE

490 3925 858 3986 nauronnrrrnrm'
953 3997 955 4004 ι

493 4017 843 4082 tauromenium

141 4147 172 4205 ln
192 4145 235 4218 his
259 4142 288 4203 0
308 4147 402 4221 ubique
422 4148 545 4219 punctum
564 4139 593 4198 iri
613 4138 698 4201 media
718 4138 795 4199 habet
814 4144 915 4216 praete
933 4143 1040 4216 primam
1060 4146 1090 4204 in
1107 4140 1193 4218 lapide
1208 4144 1250 4201 lit.

143 4238 233 4304 terum,
256 4225 285 4290 Θ
304 4239 391 4298 ‚autem
411 4230 505 4304 ubique
525 4233 595 4286 reatu
616 4233 642 4288 et
662 4233 812 4287 transversa
829 4229 859 4286 in
880 4226 975 4285 cuculo
995 4227 1065 4286 linea
1085 4225 1248 4302 usmetum:
1279 4239 1281 4248 ·

143 4335 220 4390 quara
239 4315 295 4372 veri
317 4315 428 4378 similius
449 4319 490 4373 est
509 4311 616 4389 primam
635 4311 748 4374 litteram
768 4331 820 4371 non
844 4305 886 4381 9,,
903 4309 951 4370 sed
975 4307 1003 4374 O
1024 4329 1094 4374 esse·

227 4427 258 4512 ³)
284 4430 367 4490 Plane
386 4430 501 4492 eamdem
528 4450 605 4508 quarn
626 4435 725 4488 caetera
744 4423 775 4488 Σ
800 4429 909 4486 formam
928 4428 1006 4486 habet
1025 4427 1094 4506 apud
1113 4427 1247 4488 lienium.
1325 4469 1330 4476 =
