3084 5050
234 391 237 398 1
293 347 355 416 rat
498 299 502 320 ⁸
570 329 864 412 nununnrrouus
884 346 1123 408 omniumr.

291 517 418 590 Verum
444 523 479 588 et
504 523 707 589 coeterorum
729 515 909 612 epodornm
931 513 1132 611 comparatio
1151 521 1336 610 rutpertum
1350 515 1409 588 a·

290 619 337 694 uit
361 619 446 710 hane
470 619 685 714 scripturam,
727 619 893 690 nonnihil
918 617 960 688 ad
980 611 1296 714 eompo'uspieionem
1320 641 1408 690 eon-

290 720 374 812 fert,
403 718 490 817 quod
515 715 728 815 Καδμηϊᾶν,
755 717 977 814 Καδμειϊᾶν,
1003 715 1217 812 Καδμεϊᾶν,
1250 743 1315 792 uno
1342 742 1407 790 au-

290 831 357 894 tem
387 821 423 892 in
449 820 563 893 oodioe
589 827 736 918 μορφῆς
767 822 903 918 legitur.
964 815 1136 917 Et'quum
1163 821 1266 892 multo
1290 821 1325 892 in
1350 821 1406 894 loia

290 923 487 996 carminibus
513 924 632 1019 partim
659 923 783 996 oodiois
810 923 935 1019 antiqui
963 922 1041 994 vitio
1068 921 1187 1018 partim
1211 946 1274 1017 per
1289 947 1406 994 emen-

291 1023 423 1096 datores
449 1025 604 1096 metrieos
637 1033 793 1121 corrupta
826 1049 900 1096 esse
925 1023 1116 1116 rideantur,
1153 1024 1246 1096 raldo
1272 1049 1403 1117 vereor,

291 1149 332 1197 ne
366 1125 450 1199 iilud
474 1123 669 1218 Καδμεϊᾶν
709 1149 752 1197 on
784 1128 869 1198 male
901 1126 998 1197 lectis
1027 1127 1146 1198 veteris
1178 1123 1256 1198 libri
1280 1127 1404 1200 litteris

189 1261 191 1268 ¹
290 1225 437 1300 edietum
462 1228 518 1318 ait,
545 1225 708 1299 Pindarus
734 1236 843 1299 autem
869 1227 1060 1326 scripserit:

392 1377 523 1474 Θηβᾶν
549 1377 621 1450 ἄπο
648 1373 759 1472 μοίκεϊ
782 1385 932 1474 μορφᾶς

388 1476 459 1575 μέν
483 1475 647 1579 βραχύς,
681 1477 811 1576 ψυχὰν
837 1478 872 1555 δ’
904 1479 1095 1573 ἄκαμπτος
1120 1479 1404 1578 προςπαλοςίσυν

945 1576 1034 1678 ἦλθ’
1065 1578 1177 1680 ἀνήρ·

287 1732 357 1805 Por
382 1732 527 1806 eonditio
555 1721 607 1806 est
631 1733 739 1804 ultimi
764 1757 880 1808 versus
905 1733 1099 1831 eliodorum,
1127 1758 1234 1832 aquo
1252 1735 1405 1831 proiecta

286 1843 340 1906 est
372 1843 486 1906 nostra
518 1835 711 1930 disputatio.
770 1835 878 1908 Recte
910 1837 996 1908 onim
1031 1836 1184 1933 procedit
1216 1837 1335 1911 divisio
1369 1841 1405 1912 in

289 1943 441 2030 quattuor
467 1935 601 2031 epodis:
648 1986 650 1994 »
770 1949 775 1962 ‘

361 2081 364 2090 ’
389 2113 424 2158 α.
461 2082 556 2158 αλδιν
582 2082 622 2157 δέ
648 2084 929 2180 κυλινδομέναις

356 2252 363 2278 ,
465 2183 618 2284 ἁμέραις
651 2186 729 2259 ἄλλ’
767 2188 888 2261 ἄλλοτ’
926 2183 1133 2271 ἐξάλλαξεν·
1176 2189 1337 2286 ἄτρωτοί
1360 2221 1404 2296 με

619 2287 625 2310 ⁴
943 2287 1023 2385 μὰν
1048 2287 1176 2373 παῖδες
1200 2294 1316 2370 θεῶν.

387 2387 426 2483 β.
464 2395 537 2462 νῦν
565 2385 601 2461 δ’
632 2383 681 2462 αὖ
708 2387 801 2484 μετὰ
822 2381 1008 2488 χειμέριον

465 2486 632 2566 ποικίλον
657 2499 789 2586 μηνῶν
823 2488 940 2591 ζόφον
970 2490 1084 2588 χθών
1109 2485 1179 2567 ὧτε
1202 2495 1404 2592 φοινικέοι-

917 2617 1011 2670 Ισιν
1037 2594 1205 2690 ἄνθησεν
1229 2593 1361 2692 ῥόδοις.
1440 2676 1445 2682 ,

387 2719 422 2793 y.
459 2693 500 2766 ἐν
524 2691 632 2767 νυκτὶ
656 2691 791 2790 καμὼν
815 2688 954 2794 turpini

467 2790 671 2895 φασγάνῳ,
708 2795 868 2894 μομφὰν
893 2798 965 2892 ἔχει
990 2796 1185 2873 παίδεσσιν
1205 2796 1401 2889 Ἑλλάνων,

586 2964 591 2974 ,
945 2897 1026 2972 ὅσοι
1055 2896 1230 2998 Τροίανδ
1241 2902 1365 3004 έβαν.

390 2992 424 3068 δ.
459 2994 531 3068 τὰν
556 2992 774 3093 πυροφόρον
798 2994 988 3094 Aufidum„

374 3189 377 3204 Ι
464 3094 631 3194 κρανίοις
664 3097 765 3196 ὄφρα
796 3097 912 3182 ξένων
944 3099 1039 3176 ναὸν
1064 3101 1299 3187 Ποσειδᾶνος
1330 3103 1397 3204 σφ’

946 3201 1143 3299 ἐρέπτοντοι
1169 3205 1308 3300 σχέθοι.

288 3347 350 3422 Sio
375 3350 463 3422 enim
495 3373 556 3446 pro
589 3346 855 3436 Ποσειδάωνος
880 3354 1060 3452 ἐρέφοντα
1092 3358 1300 3431 scribendum
1327 3383 1401 3432 esse

147 3463 150 3472 ’
288 3452 353 3522 iam
386 3451 463 3523 olim
496 3452 627 3551 monui,
670 3453 860 3551 diceturque
892 3455 980 3529 inira
1012 3459 1054 3530 ad
1085 3457 1186 3555 Pyth.
1211 3458 1281 3532 IV.
1313 3464 1401 3538 240.

289 3550 373 3626 Sola
397 3563 562 3650 repugnat
586 3553 701 3626 ultima
727 3557 874 3653 epodus:
1439 3601 1441 3609 v

390 3700 525 3803 μνοίμρι
551 3704 722 3781 πεπιθὼν
748 3705 935 3808 πολυβού-

391 3812 460 3900 λῳ·
489 3804 560 3881 σδν
579 3806 713 3906 Ὀρσέᾳ
738 3807 784 3882 δέ
804 3836 866 3886 νιν
887 3807 1109 3908 κωμοίζομαι
1121 3812 1285 3912 τερπνὰν
1309 3814 1402 3888 διπο-

947 3909 1094 4002 στοίζων
1115 3913 1240 4013 χοίριν.

260 4041 520 4129 ¹Soholiaates:
562 4054 766 4153 πιθόμενος
800 4067 846 4154 τῇ
862 4071 947 4136 ’τοῦ
978 4064 1223 4164 παιδοτρίβου
1255 4064 1400 4170 γνώμῃ.

291 4155 433 4230 Credam
467 4182 529 4254 ego
563 4160 618 4231 hio
654 4185 782 4257 quoque
807 4161 980 4239 πεπιθὼν
1004 4191 1025 4237 a
1049 4169 1195 4244 matrinis
1222 4196 1296 4243 esse
1319 4195 1401 4267 pro-

291 4257 433 4352 iectum,
461 4285 559 4357 quum
583 4258 791 4350 πεποιθώς,
823 4263 1051 4364 interpretatio
1078 4274 1302 4365 grammatici,
1336 4293 1400 4368 pro

292 4361 435 4458 genuino
461 4358 615 4446 πίσυνος
640 4372 730 4437 esset
753 4366 788 4437 in
815 4365 960 4439 ordinem
982 4380 1130 4468 reoepta.
1180 4372 1299 4448 Simile
1321 4373 1401 4472 quid
