3076 5046
339 307 392 368 nn
409 305 559 368 niueos
579 291 900 380 insonninroomns
921 307 1087 371 omncs.
1173 315 1178 335 ·
1205 305 1267 372 ias

258 471 327 546 Sed
353 481 495 571 oportet
509 499 563 546 nne
579 473 704 592 aliquid
720 475 772 546 his
791 431 911 546 addere
930 477 1128 604 explicandi
1133 501 1264 552 caussa.

144 571 202 646 Aa
228 575 369 694 primum
400 601 442 650 ne
477 577 550 673 quis
575 577 712 649 mirator
736 573 1033 696 lnoplitodromom
1045 579 1086 651 ἐν
1109 577 1262 674 pratea,

144 677 355 768 monument,
388 678 457 752 lion
485 703 590 774 genus
616 675 803 750 ocmaminis
834 677 904 750 fere
931 703 971 751 co
997 681 1200 773 constitisse,
1224 689 1262 755 ut

144 783 223 851 cnm
251 779 360 875 clipeo
393 791 575 853 currerent.
625 779 744 876 Itaque
768 779 952 852 Pausanias
977 779 1025 852 Vc
1052 785 1089 872 83
1119 785 1179 856 10.
1204 783 1262 856 ulli

141 879 254 966 refert
279 881 408 976 quando
434 881 572 976 primum
598 882 648 953 sio
673 879 848 1009 Olympiae
874 890 1034 954 certaturn
1058 883 1176 975 fucrit,
1211 885 1261 957 sio

141 981 285 1054 ιιιιιιιιιι
320 986 399 1056 τῶν
430 979 472 1056 ‹li
506 981 717 1056 dntcsrin‘
699 1011 719 1055 o
753 978 892 1079 δρόμος
923 980 1157 1080 ἐδοκιμάσθη
1188 981 1260 1111 pist
1379 1040 1389 1054 .

141 1080 204 1156 ini
231 1089 298 1176 τῆς
321 1081 483 1178 πέμπτης
505 1079 758 1179 Ὀλυμπιάδος
782 1082 845 1164 καὶ
869 1085 1079 1214 ἑξηκοστῆς,
1113 1085 1261 1183 maliem

140 1185 230 1312 ἔμοι
216 1181 428 1259 doxsict‘'
403 1213 510 1310 accan
535 1194 598 1282 ιῆς
623 1188 660 1269 ἐς
682 1184 729 1259 ιὰ
754 1182 951 1280 πολεμικά,
987 1215 1073 1270 ιοιις
1098 1185 1139 1261 dd
1166 1185 1260 1284 dno

138 1277 288 1378 admone
321 1284 473 1370 ἀσπίσιν
512 1286 606 1382 ὁμοῦ
639 1295 784 1385 πρῶτος
799 1284 1028 1383 Δημάρετος
1060 1285 1260 1386 ἐκράτησεν

12 1435 16 1448 =
134 1381 323 1514 Ἡραιιιις
376 1387 459 1462 Inde
477 1391 607 1486 saepius
625 1386 822 1486 δρόμος
779 1413 852 1463 oon
869 1388 1025 1479 domitio,
1037 1388 1152 1464 ὅπλου
1168 1387 1258 1487 dod-

142 1513 236 1576 ιιος,
247 1485 385 1562 daton
410 1487 494 1586 cinq
527 1491 613 1586 apud
638 1491 854 1562 Pausaniam:
891 1516 924 1562 ι.
951 1491 1086 1564 Faciem
1121 1493 1162 1564 od
1187 1492 1257 1568 VI·

139 1592 208 1681 15,
237 1594 274 1664 2
325 1589 383 1662 Ex
410 1615 474 1686 qno
499 1591 728 1687 intelligitur,
737 1592 766 1664 si
792 1587 972 1686 daldorp,-
961 1618 995 1664 m
1023 1594 1257 1689 epigrammate

136 1699 260 1764 nostro
286 1700 608 1784 commemoraretur,
633 1717 700 1778 non
725 1713 808 1790 opos
833 1692 936 1766 luisse
962 1701 999 1765 nt
1023 1695 1145 1766 incutio
1169 1696 1258 1768 adii·-

136 1801 277 1866 oerctur
300 1794 469 1866 cormonli.
522 1771 747 1868 Gonrcnielmt
770 1802 879 1866 autom
905 1794 969 1867 hoo
985 1819 1090 1891 genno
1109 1797 1257 1870 certandi

134 1893 175 1966 in
203 1895 319 1991 primis
344 1895 408 1986 iis,
443 1895 499 1993 qni
532 1897 684 1968 aetate
673 1920 808 1968 invenes
833 1904 967 1968 essenti
996 1894 1195 2016 videturque
1220 1899 1256 1972 id

134 1989 311 2070 indicasse
337 1995 520 2070 Pausanias
546 1996 615 2072 vl.
642 2001 711 2090 17,
748 2001 782 2073 l.
816 2021 914 2094 qnam
939 1997 1093 2098 scripsit=
1129 2004 1256 2097 Δημο-

136 2322 220 2379 multo
248 2325 334 2378 minus
361 2325 440 2378 miror
465 2341 541 2396 quam
569 2321 652 2390 aliud,
687 2340 737 2397 quo
759 2321 866 2380 lliillcri
891 2323 988 2397 alioqui
1015 2323 1090 2379 valde
1114 2326 1255 2398 probabilis

136 2409 286 2466 coniectura
306 2408 405 2464 nititur.
448 2404 518 2462 Nam
540 2410 565 2462 si
585 2408 686 2465 initium
709 2409 884 2480 inscriptionis
905 2425 983 2481 prosa
1000 2410 1115 2464 oratione
1127 2414 1252 2483 ¹scripturn

135 2499 201 2560 crat,
223 2510 316 2554 nomen
339 2492 467 2549 continere
490 2487 596 2546 debebat
617 2485 759 2546 dedicantis
776 2507 847 2547 arma
867 2508 930 2558 sua3
951 2509 1002 2546 non
1022 2493 1187 2551 conveniebat
1209 2513 1252 2550 an·

135 2583 198 2644 tem,
221 2573 286 2630 illud
307 2592 400 2630 nomen
421 2574 538 2628 versibus
560 2577 603 2646 qui
624 2569 716 2628 deinde
737 2580 902 2646 sequerentur
922 2574 1012 2630 inseri.
1055 2573 1144 2646 ltaque
1162 2573 1253 2632 docen-

102 2658 199 2746 dum
223 2665 278 2714 erat
300 2656 413 2712 Millern
436 2655 497 2731 quid
518 2655 583 2712 illud
608 2653 714 2726 OON,
739 2654 834 2729 quod
827 2673 883 2730 ipse
904 2654 971 2711 θωι
991 2658 1106 2730 scripsit,
1129 2659 1177 2712 sibi
1201 2659 1251 2714 vel-

102 2713 181 2800 let.
225 2739 294 2798 Nam
318 2743 402 2815 quivis
423 2741 490 2798 alius
512 2739 556 2797 id
552 2759 605 2816 pro
633 2747 705 2815 parte
731 2742 843 2796 nominis
865 2738 967 2796 habebit
988 2737 1114 2810 hominis,
1144 2743 1186 2815 qni
1209 2739 1250 2796 do·

134 2826 262 2884 dicaverit
288 2843 359 2885 arma
380 2843 438 2882 sua.
489 2823 542 2880 Sed
564 2824 705 2892 Minicius,
732 2843 782 2898 qno
811 2823 945 2900 defugeret
964 2821 1043 2882 huius
1065 2827 1102 2881 rei
1124 2828 1250 2882 rationem

133 2910 252 2980 reddere,
276 2913 399 2986 sumpsit,
428 2912 486 2968 ιι
476 2928 533 2986 ipsc
554 2915 592 2967 ait
612 2929 638 2984 p.
661 2904 752 2968 1154.
775 2928 853 2984 super
871 2913 954 2984 primo
976 2927 1054 2966 versu
1075 2910 1145 2992 alios¹
1162 2911 1250 2985 plnres

130 3013 228 3055 versos
250 2999 360 3072 scriptos
382 2996 472 3065 fuisse,
494 2993 570 3070 idque
591 3015 643 3052 non
665 2994 800 3054 abhorrere
822 3013 837 3052 a
857 2997 958 3070 pictura
978 2993 1072 3070 lapidis
1093 2994 1161 3069 apud
1181 2994 1250 3073 Ros3

131 3085 213 3138 sium.
254 3078 284 3137 ld
306 3081 351 3137 illc
371 3079 460 3138 finxit:
486 3082 596 3137 intuenti
618 3082 684 3136 enim
707 3099 738 3135 ea
758 3079 913 3136 lineamenta
933 3099 985 3135 non
1005 3083 1099 3155 poterit
1114 3080 1202 3150 latero,
1225 3083 1249 3138 si

131 3167 170 3222 ita
193 3171 278 3234 essct,
309 3168 421 3240 conspici
443 3163 534 3221 dcbcro
560 3172 657 3240 partem
680 3164 789 3239 duplicis
815 3165 913 3232 linoae,
942 3183 1007 3238 quac
1032 3166 1100 3220 inter
1128 3163 1248 3241 singulos
1361 3163 1365 3174 “

132 3249 213 3308 huius
244 3252 419 3325 inscriptionis
444 3267 537 3306 versus
565 3248 641 3306 ducta
668 3256 717 3306 cst.
770 3249 908 3305 Praeterea
934 3267 1023 3325 parurn
1051 3248 1171 3305 credibile
1197 3257 1249 3319 est,

132 3353 211 3410 quum
233 3333 340 3400 haec„
364 3324 497 3392 ,0οΝ
515 3329 784 3391 ΛΝΕΘΕΚΕ..
798 3329 998 3403 .ΕΝΤΕΑ,
1033 3351 1062 3390 sc
1087 3341 1118 3391 nt
1142 3337 1246 3392 initium

61 3465 66 3478 .
130 3436 224 3476 vorsus
246 3417 342 3474 heroici
362 3420 439 3474 etiam
462 3415 611 3486 obtrudant,
633 3437 685 3474 non
707 3433 765 3472 csse
786 3416 890 3476 alteram
914 3435 1013 3514 quoqne
1033 3437 1124 3474 versos
1144 3425 1244 3495 partem

131 3503 267 3578 adiectam.
310 3501 382 3558 Hinc
403 3520 452 3578 ego
473 3520 526 3557 non
547 3499 672 3572 adducor,
694 3507 724 3556 nt
743 3517 864 3558 versuum
886 3504 998 3557 omnium
1021 3501 1164 3558 camdem
1157 3523 1184 3559 ιιι
1206 3503 1243 3560 la·

130 3587 190 3664 pide
210 3585 397 3663 longitudinem
419 3587 502 3641 finisse
523 3585 637 3654 credam,
658 3584 820 3658 sed-potins,
841 3591 977 3660 postquam
996 3587 1097 3645 sollerti
1118 3584 1244 3662 doctaque

130 3673 221 3730 Rossii
247 3671 381 3748 diligentia
408 3676 527 3729 accurate
554 3667 695 3743 descriptas
721 3668 847 3724 habemus
872 3669 1014 3743 litterarum
1042 3671 1155 3742 formas,
1190 3677 1242 3747 epi·
1288 3657 1294 3684 ¹

78 3785 82 3790 ·
130 3775 247 3836 gramma
266 3752 337 3812 illud
353 3752 386 3812 ad
406 3753 474 3812 hunc
496 3752 600 3811 modum
623 3754 730 3810 coniicio
752 3757 875 3828 scriptum
896 3753 1014 3809 fnisse:

251 3863 418 3931 Ἱπποκόων
439 3865 570 3948 ἀνέθηκε
590 3861 704 3928 uid'’'
684 3889 779 3940 ειιεα,
797 3861 987 3945 Ἰσχιιλιιιιε
956 3861 1030 3942 ιιιός,

137 3971 141 3978 ’
255 3950 289 4028 ὃς
310 3951 387 4029 Διὸς
372 3954 565 4059 Αἰθίοπος
584 3959 648 4026 τοῖς
669 3911 785 4030 inponi
784 3973 828 4025 οις
848 3951 880 4013 ἐι
901 3947 1026 4054 ιἰἔθλιιις

255 4035 428 4124 acepsimas
447 4032 578 4106 calidior
597 4040 664 4121 ιιιιῇ
686 4038 737 4099 και
757 4037 804 4111 δὶς
824 4033 878 4098 cdo
900 4030 1035 4103 colicos.

128 4176 238 4236 Videtur
258 4178 301 4234 ille
322 4183 369 4254 qni
387 4197 458 4235 arma
479 4193 528 4234 sua
548 4174 683 4254 suspendit
704 4174 786 4233 Chius
806 4175 908 4252 inisse,
938 4195 988 4252 qua
1009 4181 1036 4233 in
1057 4174 1143 4232 insula
1164 4179 1237 4230 testi-

127 4265 193 4321 lus
197 4259 339 4320 scholiasta
357 4270 385 4319 ct
404 4263 502 4320 Tzatza
524 4260 558 4320 ad
577 4259 708 4339 Lycophr.
730 4255 802 4318 537.
805 4261 936 4360 luppiter
947 4261 1074 4336 Aethiops
1095 4259 1235 4316 colebatur

129 4347 173 4406 Sic
193 4354 296 4424 apparet
316 4348 402 4419 simul,
424 4349 468 4424 qui
488 4349 540 4406 sint
560 4350 606 4406 isti
626 4335 810 4422 lupicina
805 4335 908 4406 'edam
