<?xml version="1.0" encoding="UTF-8"?>
<!DOCTYPE html PUBLIC "-//W3C//DTD XHTML 1.0 Transitional//EN"
    "http://www.w3.org/TR/xhtml1/DTD/xhtml1-transitional.dtd">
<html xmlns="http://www.w3.org/1999/xhtml" xml:lang="en" lang="en">
 <head>
  <title>
</title>
<meta http-equiv="Content-Type" content="text/html;charset=utf-8" />
  <meta name='ocr-system' content='tesseract 3.04.00' />
  <meta name='ocr-capabilities' content='ocr_page ocr_carea ocr_par ocr_line ocrx_word'/>
</head>
<body>
  <div class='ocr_page' id='page_1' title='image "./opuscula05hermgoog/opuscula05hermgoog_0241.png"; bbox 0 0 3076 5046; ppageno 0'>
   <div class='ocr_carea' id='block_1_1' title="bbox 232 341 1236 449">
    <p class='ocr_par' dir='ltr' id='par_1_1' title="bbox 232 341 1236 449">
     <span class='ocr_line' id='line_1_1' title="bbox 232 341 1236 449; baseline -0.004 -1"><span class='ocrx_word' id='word_1_1' title='bbox 232 341 234 348; x_wconf 38' lang='lat'><strong><em>¹</em></strong></span> <span class='ocrx_word' id='word_1_2' title='bbox 310 377 376 448; x_wconf 70' lang='lat' dir='ltr'><strong>att</strong></span> <span class='ocrx_word' id='word_1_3' title='bbox 488 381 540 444; x_wconf 85' lang='lat' dir='ltr'><strong>nn</strong></span> <span class='ocrx_word' id='word_1_4' title='bbox 558 355 776 444; x_wconf 78' lang='lat' dir='ltr'><strong>nnnconnm</strong></span> <span class='ocrx_word' id='word_1_5' title='bbox 797 381 1067 449; x_wconf 83' lang='lat' dir='ltr'><strong>comonnmenn</strong></span> <span class='ocrx_word' id='word_1_6' title='bbox 1087 383 1236 444; x_wconf 84' lang='lat' dir='ltr'><strong>numen.</strong></span> 
     </span>
    </p>
   </div>
   <div class='ocr_carea' id='block_1_2' title="bbox 9 547 1425 3904">
    <p class='ocr_par' dir='ltr' id='par_1_2' title="bbox 9 547 1425 3904">
     <span class='ocr_line' id='line_1_2' title="bbox 312 547 1423 646; baseline 0.004 -26"><span class='ocrx_word' id='word_1_7' title='bbox 312 573 376 646; x_wconf 86' lang='lat' dir='ltr'><strong>quo</strong></span> <span class='ocrx_word' id='word_1_8' title='bbox 403 547 609 646; x_wconf 75' lang='lat' dir='ltr'><strong>colligimus,</strong></span> <span class='ocrx_word' id='word_1_9' title='bbox 649 549 691 623; x_wconf 80' lang='lat' dir='ltr'><strong>ol)</strong></span> <span class='ocrx_word' id='word_1_10' title='bbox 723 557 867 622; x_wconf 86' lang='lat' dir='ltr'><strong>veterem</strong></span> <span class='ocrx_word' id='word_1_11' title='bbox 898 549 990 622; x_wconf 88' lang='lat' dir='ltr'><strong>illam</strong></span> <span class='ocrx_word' id='word_1_12' title='bbox 1016 547 1324 646; x_wconf 58' lang='lat' dir='ltr'><strong>disertasdiatingui</strong></span> <span class='ocrx_word' id='word_1_13' title='bbox 1348 561 1423 646; x_wconf 75' lang='lat' dir='ltr'><strong>cae,</strong></span> 
     </span>
     <span class='ocr_line' id='line_1_3' title="bbox 289 651 1425 749; baseline 0.004 -27"><span class='ocrx_word' id='word_1_14' title='bbox 289 659 394 748; x_wconf 68' lang='lat' dir='ltr'><strong>*quae</strong></span> <span class='ocrx_word' id='word_1_15' title='bbox 419 675 506 722; x_wconf 90' lang='lat' dir='ltr'><strong>nune</strong></span> <span class='ocrx_word' id='word_1_16' title='bbox 532 652 670 748; x_wconf 91' lang='lat' dir='ltr'><strong>primum</strong></span> <span class='ocrx_word' id='word_1_17' title='bbox 697 652 764 724; x_wconf 81' lang='lat' dir='ltr'><strong>sint</strong></span> <span class='ocrx_word' id='word_1_18' title='bbox 789 652 915 741; x_wconf 83' lang='lat' dir='ltr'><strong>editae3</strong></span> <span class='ocrx_word' id='word_1_19' title='bbox 940 651 1070 723; x_wconf 80' lang='lat' dir='ltr'><strong>inillis</strong></span> <span class='ocrx_word' id='word_1_20' title='bbox 1095 660 1203 724; x_wconf 90' lang='lat' dir='ltr'><strong>autem</strong></span> <span class='ocrx_word' id='word_1_21' title='bbox 1227 652 1425 749; x_wconf 87' lang='lat' dir='ltr'><strong>inneriptio·</strong></span> 
     </span>
     <span class='ocr_line' id='line_1_4' title="bbox 308 750 1424 850; baseline 0.003 -26"><span class='ocrx_word' id='word_1_22' title='bbox 308 753 424 843; x_wconf 78' lang='lat' dir='ltr'><strong>nibus,</strong></span> <span class='ocrx_word' id='word_1_23' title='bbox 455 753 490 824; x_wconf 96' lang='lat' dir='ltr'><strong>in</strong></span> <span class='ocrx_word' id='word_1_24' title='bbox 516 754 633 849; x_wconf 89' lang='lat' dir='ltr'><strong>quibua</strong></span> <span class='ocrx_word' id='word_1_25' title='bbox 658 775 763 850; x_wconf 89' lang='lat' dir='ltr'><strong>neque</strong></span> <span class='ocrx_word' id='word_1_26' title='bbox 789 750 943 828; x_wconf 80' lang='grc' dir='ltr'><em>παλαιαὶ</em></span> <span class='ocrx_word' id='word_1_27' title='bbox 966 775 1072 849; x_wconf 90' lang='lat' dir='ltr'><strong>neque</strong></span> <span class='ocrx_word' id='word_1_28' title='bbox 1097 750 1225 827; x_wconf 82' lang='grc' dir='ltr'><em>καιναί</em></span> <span class='ocrx_word' id='word_1_29' title='bbox 1248 755 1424 828; x_wconf 88' lang='lat' dir='ltr'><strong>nominan-</strong></span> 
     </span>
     <span class='ocr_line' id='line_1_5' title="bbox 254 854 1423 956; baseline -0.002 -26"><span class='ocrx_word' id='word_1_30' title='bbox 254 921 257 930; x_wconf 91' lang='lat'><strong>.</strong></span> <span class='ocrx_word' id='word_1_31' title='bbox 308 862 375 946; x_wconf 83' lang='lat' dir='ltr'><strong>tur,</strong></span> <span class='ocrx_word' id='word_1_32' title='bbox 403 878 514 931; x_wconf 80' lang='lat' dir='ltr'><strong>omnes</strong></span> <span class='ocrx_word' id='word_1_33' title='bbox 542 854 646 926; x_wconf 86' lang='lat' dir='ltr'><strong>videri</strong></span> <span class='ocrx_word' id='word_1_34' title='bbox 671 877 772 927; x_wconf 84' lang='lat' dir='ltr'><strong>nouas</strong></span> <span class='ocrx_word' id='word_1_35' title='bbox 797 854 913 927; x_wconf 81' lang='lat' dir='ltr'><strong>fnisse.</strong></span> <span class='ocrx_word' id='word_1_36' title='bbox 963 854 1131 926; x_wconf 80' lang='lat' dir='ltr'>Habemus</span> <span class='ocrx_word' id='word_1_37' title='bbox 1154 879 1255 952; x_wconf 91' lang='lat' dir='ltr'><strong>porro</strong></span> <span class='ocrx_word' id='word_1_38' title='bbox 1275 879 1423 956; x_wconf 74' lang='grc' dir='ltr'><em>τραγῳ-</em></span> 
     </span>
     <span class='ocr_line' id='line_1_6' title="bbox 130 952 1421 1056; baseline -0.001 -26"><span class='ocrx_word' id='word_1_39' title='bbox 130 1033 135 1046; x_wconf 73' lang='grc'><em>,</em></span> <span class='ocrx_word' id='word_1_40' title='bbox 262 967 268 982; x_wconf 89' lang='grc'><em>’</em></span> <span class='ocrx_word' id='word_1_41' title='bbox 307 952 378 1030; x_wconf 88' lang='grc' dir='ltr'><strong>δὸν</strong></span> <span class='ocrx_word' id='word_1_42' title='bbox 402 961 561 1038; x_wconf 80' lang='grc' dir='ltr'><em>παλαιᾶς</em></span> <span class='ocrx_word' id='word_1_43' title='bbox 585 953 796 1056; x_wconf 73' lang='grc' dir='ltr'><em>τραγῳδίας</em></span> <span class='ocrx_word' id='word_1_44' title='bbox 820 957 856 1028; x_wconf 94' lang='lat' dir='ltr'><strong>in</strong></span> <span class='ocrx_word' id='word_1_45' title='bbox 883 981 922 1028; x_wconf 87' lang='lat' dir='ltr'><strong>ea</strong></span> <span class='ocrx_word' id='word_1_46' title='bbox 945 956 1181 1052; x_wconf 75' lang='lat' dir='ltr'><strong>inscriptione,</strong></span> <span class='ocrx_word' id='word_1_47' title='bbox 1208 958 1242 1028; x_wconf 93' lang='lat' dir='ltr'><strong>in</strong></span> <span class='ocrx_word' id='word_1_48' title='bbox 1269 979 1334 1054; x_wconf 89' lang='lat' dir='ltr'><strong>qna</strong></span> <span class='ocrx_word' id='word_1_49' title='bbox 1359 957 1421 1030; x_wconf 83' lang='lat' dir='ltr'><strong>de-</strong></span> 
     </span>
     <span class='ocr_line' id='line_1_7' title="bbox 306 1055 1419 1160; baseline 0.002 -31"><span class='ocrx_word' id='word_1_50' title='bbox 306 1057 384 1130; x_wconf 92' lang='lat' dir='ltr'><strong>inde</strong></span> <span class='ocrx_word' id='word_1_51' title='bbox 408 1055 517 1153; x_wconf 83' lang='grc' dir='ltr'><em>καινὴ</em></span> <span class='ocrx_word' id='word_1_52' title='bbox 541 1055 733 1160; x_wconf 78' lang='grc' dir='ltr'><em>τραγῳδία</em></span> <span class='ocrx_word' id='word_1_53' title='bbox 758 1066 793 1130; x_wconf 88' lang='lat' dir='ltr'><strong>et</strong></span> <span class='ocrx_word' id='word_1_54' title='bbox 817 1056 925 1153; x_wconf 81' lang='grc' dir='ltr'><em>καινὴ</em></span> <span class='ocrx_word' id='word_1_55' title='bbox 940 1055 1120 1153; x_wconf 78' lang='grc' dir='ltr'><em>κωμῳδία</em></span> <span class='ocrx_word' id='word_1_56' title='bbox 1137 1059 1357 1150; x_wconf 75' lang='lat' dir='ltr'><strong>nominantur,</strong></span> <span class='ocrx_word' id='word_1_57' title='bbox 1383 1059 1419 1132; x_wconf 94' lang='lat' dir='ltr'><strong>in</strong></span> 
     </span>
     <span class='ocr_line' id='line_1_8' title="bbox 307 1156 1420 1261; baseline -0.002 -29"><span class='ocrx_word' id='word_1_58' title='bbox 307 1160 448 1232; x_wconf 83' lang='lat' dir='ltr'><strong>caeteris</strong></span> <span class='ocrx_word' id='word_1_59' title='bbox 481 1167 589 1232; x_wconf 84' lang='lat' dir='ltr'><strong>autem</strong></span> <span class='ocrx_word' id='word_1_60' title='bbox 621 1157 819 1261; x_wconf 74' lang='grc' dir='ltr'><em>τραγῳδὸν</em></span> <span class='ocrx_word' id='word_1_61' title='bbox 857 1169 892 1232; x_wconf 89' lang='lat' dir='ltr'><strong>et</strong></span> <span class='ocrx_word' id='word_1_62' title='bbox 921 1156 1107 1254; x_wconf 76' lang='grc' dir='ltr'><em>κωμῳδὸν</em></span> <span class='ocrx_word' id='word_1_63' title='bbox 1139 1159 1334 1256; x_wconf 82' lang='lat' dir='ltr'><strong>simpliciter</strong></span> <span class='ocrx_word' id='word_1_64' title='bbox 1366 1159 1420 1230; x_wconf 85' lang='lat' dir='ltr'><strong>di·</strong></span> 
     </span>
     <span class='ocr_line' id='line_1_9' title="bbox 196 1261 1418 1357; baseline 0 -23"><span class='ocrx_word' id='word_1_65' title='bbox 196 1317 202 1322; x_wconf 80' lang='grc'><strong>.</strong></span> <span class='ocrx_word' id='word_1_66' title='bbox 307 1269 418 1334; x_wconf 76' lang='lat' dir='ltr'><strong>otum:</strong></span> <span class='ocrx_word' id='word_1_67' title='bbox 457 1261 543 1332; x_wconf 86' lang='lat' dir='ltr'><strong>undo</strong></span> <span class='ocrx_word' id='word_1_68' title='bbox 575 1271 829 1336; x_wconf 86' lang='lat' dir='ltr'><strong>consentaneum</strong></span> <span class='ocrx_word' id='word_1_69' title='bbox 861 1269 914 1334; x_wconf 82' lang='lat' dir='ltr'><strong>est</strong></span> <span class='ocrx_word' id='word_1_70' title='bbox 944 1261 1030 1334; x_wconf 86' lang='lat' dir='ltr'><strong>huno</strong></span> <span class='ocrx_word' id='word_1_71' title='bbox 1062 1285 1191 1357; x_wconf 85' lang='lat' dir='ltr'><strong>qnoque</strong></span> <span class='ocrx_word' id='word_1_72' title='bbox 1224 1261 1418 1357; x_wconf 80' lang='lat' dir='ltr'><strong>tragoedum</strong></span> 
     </span>
     <span class='ocr_line' id='line_1_10' title="bbox 307 1361 1416 1459; baseline 0 -25"><span class='ocrx_word' id='word_1_73' title='bbox 307 1370 341 1434; x_wconf 89' lang='lat' dir='ltr'><strong>et</strong></span> <span class='ocrx_word' id='word_1_74' title='bbox 366 1361 556 1436; x_wconf 80' lang='lat' dir='ltr'><strong>comoedum</strong></span> <span class='ocrx_word' id='word_1_75' title='bbox 581 1387 667 1435; x_wconf 87' lang='lat' dir='ltr'><strong>nova</strong></span> <span class='ocrx_word' id='word_1_76' title='bbox 692 1364 854 1435; x_wconf 78' lang='lat' dir='ltr'><strong>attulisse.</strong></span> <span class='ocrx_word' id='word_1_77' title='bbox 906 1362 1130 1459; x_wconf 87' lang='lat' dir='ltr'><strong>Relinquitur,</strong></span> <span class='ocrx_word' id='word_1_78' title='bbox 1156 1370 1193 1433; x_wconf 93' lang='lat' dir='ltr'><strong>ut</strong></span> <span class='ocrx_word' id='word_1_79' title='bbox 1210 1385 1416 1459; x_wconf 75' lang='lat' dir='ltr'><strong>quaeramus,</strong></span> 
     </span>
     <span class='ocr_line' id='line_1_11' title="bbox 307 1464 1415 1562; baseline 0 -26"><span class='ocrx_word' id='word_1_80' title='bbox 307 1465 386 1562; x_wconf 92' lang='lat' dir='ltr'><strong>quid</strong></span> <span class='ocrx_word' id='word_1_81' title='bbox 411 1465 541 1560; x_wconf 85' lang='lat' dir='ltr'><strong>egerint</strong></span> <span class='ocrx_word' id='word_1_82' title='bbox 559 1465 621 1542; x_wconf 67' lang='lat' dir='ltr'><strong>,isti</strong></span> <span class='ocrx_word' id='word_1_83' title='bbox 647 1465 798 1561; x_wconf 84' lang='lat' dir='ltr'><strong>tragoedi</strong></span> <span class='ocrx_word' id='word_1_84' title='bbox 824 1465 1050 1560; x_wconf 85' lang='lat' dir='ltr'><strong>comoediqne.</strong></span> <span class='ocrx_word' id='word_1_85' title='bbox 1102 1464 1189 1556; x_wconf 76' lang='lat' dir='ltr'><strong>Quid</strong></span> <span class='ocrx_word' id='word_1_86' title='bbox 1211 1464 1300 1535; x_wconf 86' lang='lat' dir='ltr'><strong>alind</strong></span> <span class='ocrx_word' id='word_1_87' title='bbox 1323 1487 1415 1556; x_wconf 81' lang='lat' dir='ltr'><strong>uero,</strong></span> 
     </span>
     <span class='ocr_line' id='line_1_12' title="bbox 308 1565 1415 1665; baseline -0.002 -27"><span class='ocrx_word' id='word_1_88' title='bbox 308 1591 423 1665; x_wconf 88' lang='lat' dir='ltr'><strong>quam,</strong></span> <span class='ocrx_word' id='word_1_89' title='bbox 457 1565 610 1663; x_wconf 89' lang='lat' dir='ltr'><strong>qnoniam</strong></span> <span class='ocrx_word' id='word_1_90' title='bbox 636 1591 679 1638; x_wconf 86' lang='lat' dir='ltr'><strong>ex</strong></span> <span class='ocrx_word' id='word_1_91' title='bbox 704 1568 777 1639; x_wconf 81' lang='lat' dir='ltr'><strong>eolo</strong></span> <span class='ocrx_word' id='word_1_92' title='bbox 803 1567 933 1638; x_wconf 84' lang='lat' dir='ltr'><strong>nominc</strong></span> <span class='ocrx_word' id='word_1_93' title='bbox 958 1565 1110 1638; x_wconf 86' lang='lat' dir='ltr'><strong>iacienda</strong></span> <span class='ocrx_word' id='word_1_94' title='bbox 1133 1573 1186 1637; x_wconf 86' lang='lat' dir='ltr'><strong>est</strong></span> <span class='ocrx_word' id='word_1_95' title='bbox 1211 1567 1415 1658; x_wconf 85' lang='lat' dir='ltr'><strong>coniectura,</strong></span> 
     </span>
     <span class='ocr_line' id='line_1_13' title="bbox 256 1657 1415 1766; baseline 0.001 -25"><span class='ocrx_word' id='word_1_96' title='bbox 256 1657 396 1766; x_wconf 77' lang='lat' dir='ltr'><strong>23qnod</strong></span> <span class='ocrx_word' id='word_1_97' title='bbox 421 1693 547 1759; x_wconf 91' lang='lat' dir='ltr'><strong>eornm,</strong></span> <span class='ocrx_word' id='word_1_98' title='bbox 573 1669 630 1764; x_wconf 93' lang='lat' dir='ltr'><strong>qni</strong></span> <span class='ocrx_word' id='word_1_99' title='bbox 654 1668 774 1766; x_wconf 84' lang='lat' dir='ltr'><strong>nhiqne</strong></span> <span class='ocrx_word' id='word_1_100' title='bbox 799 1668 835 1740; x_wconf 94' lang='lat' dir='ltr'><strong>in</strong></span> <span class='ocrx_word' id='word_1_101' title='bbox 856 1666 1003 1741; x_wconf 87' lang='lat' dir='ltr'><strong>Graecia</strong></span> <span class='ocrx_word' id='word_1_102' title='bbox 1026 1667 1177 1763; x_wconf 81' lang='lat' dir='ltr'><strong>tragoedi</strong></span> <span class='ocrx_word' id='word_1_103' title='bbox 1203 1668 1415 1765; x_wconf 84' lang='lat' dir='ltr'><strong>comoedique</strong></span> 
     </span>
     <span class='ocr_line' id='line_1_14' title="bbox 305 1769 1416 1867; baseline -0.003 -24"><span class='ocrx_word' id='word_1_104' title='bbox 305 1771 386 1845; x_wconf 88' lang='lat' dir='ltr'><strong>dicti</strong></span> <span class='ocrx_word' id='word_1_105' title='bbox 412 1781 500 1858; x_wconf 81' lang='lat' dir='ltr'><strong>sunt,</strong></span> <span class='ocrx_word' id='word_1_106' title='bbox 527 1770 671 1842; x_wconf 88' lang='lat' dir='ltr'><strong>ollicium</strong></span> <span class='ocrx_word' id='word_1_107' title='bbox 696 1771 928 1867; x_wconf 86' lang='lat' dir='ltr'><strong>negotiumque</strong></span> <span class='ocrx_word' id='word_1_108' title='bbox 955 1777 1038 1861; x_wconf 89' lang='lat' dir='ltr'><strong>erat,</strong></span> <span class='ocrx_word' id='word_1_109' title='bbox 1065 1780 1102 1841; x_wconf 92' lang='lat' dir='ltr'><strong>ut</strong></span> <span class='ocrx_word' id='word_1_110' title='bbox 1127 1769 1251 1865; x_wconf 80' lang='lat' dir='ltr'><strong>aliquid</strong></span> <span class='ocrx_word' id='word_1_111' title='bbox 1277 1793 1321 1841; x_wconf 84' lang='lat' dir='ltr'><strong>ex</strong></span> <span class='ocrx_word' id='word_1_112' title='bbox 1346 1779 1416 1840; x_wconf 86' lang='lat' dir='ltr'><strong>tra-</strong></span> 
     </span>
     <span class='ocr_line' id='line_1_15' title="bbox 303 1871 1416 1971; baseline -0.002 -25"><span class='ocrx_word' id='word_1_113' title='bbox 303 1873 424 1971; x_wconf 87' lang='lat' dir='ltr'><strong>goedia</strong></span> <span class='ocrx_word' id='word_1_114' title='bbox 450 1872 659 1945; x_wconf 86' lang='lat' dir='ltr'><strong>comoediauc</strong></span> <span class='ocrx_word' id='word_1_115' title='bbox 692 1873 804 1969; x_wconf 89' lang='lat' dir='ltr'><strong>aliqua</strong></span> <span class='ocrx_word' id='word_1_116' title='bbox 829 1880 906 1968; x_wconf 91' lang='lat' dir='ltr'><strong>apto</strong></span> <span class='ocrx_word' id='word_1_117' title='bbox 933 1896 1007 1943; x_wconf 91' lang='lat' dir='ltr'><strong>cnm</strong></span> <span class='ocrx_word' id='word_1_118' title='bbox 1032 1878 1128 1968; x_wconf 86' lang='lat' dir='ltr'><strong>gestu</strong></span> <span class='ocrx_word' id='word_1_119' title='bbox 1153 1871 1333 1943; x_wconf 84' lang='lat' dir='ltr'><strong>recitarent</strong></span> <span class='ocrx_word' id='word_1_120' title='bbox 1358 1893 1416 1944; x_wconf 86' lang='lat' dir='ltr'><strong>oa·</strong></span> 
     </span>
     <span class='ocr_line' id='line_1_16' title="bbox 303 1967 1422 2069; baseline -0.002 -22"><span class='ocrx_word' id='word_1_121' title='bbox 303 1967 487 2047; x_wconf 79' lang='lat' dir='ltr'><strong>nerentvc?</strong></span> <span class='ocrx_word' id='word_1_122' title='bbox 536 1971 584 2044; x_wconf 85' lang='lat' dir='ltr'><strong>Et</strong></span> <span class='ocrx_word' id='word_1_123' title='bbox 609 1974 692 2044; x_wconf 85' lang='lat' dir='ltr'><strong>haec</strong></span> <span class='ocrx_word' id='word_1_124' title='bbox 717 1973 879 2045; x_wconf 84' lang='lat' dir='ltr'><strong>sententia</strong></span> <span class='ocrx_word' id='word_1_125' title='bbox 903 1971 967 2044; x_wconf 87' lang='lat' dir='ltr'><strong>fnit</strong></span> <span class='ocrx_word' id='word_1_126' title='bbox 981 1971 1162 2064; x_wconf 84' lang='lat' dir='ltr'><strong>Lobeckii,</strong></span> <span class='ocrx_word' id='word_1_127' title='bbox 1188 1994 1285 2069; x_wconf 87' lang='lat' dir='ltr'><strong>quam</strong></span> <span class='ocrx_word' id='word_1_128' title='bbox 1308 1977 1422 2045; x_wconf 84' lang='lat' dir='ltr'><strong>ueram‘</strong></span> 
     </span>
     <span class='ocr_line' id='line_1_17' title="bbox 187 2066 1415 2170; baseline 0.001 -25"><span class='ocrx_word' id='word_1_129' title='bbox 187 2136 190 2145; x_wconf 91' lang='lat'><strong>.</strong></span> <span class='ocrx_word' id='word_1_130' title='bbox 303 2099 377 2147; x_wconf 82' lang='lat' dir='ltr'><strong>esse</strong></span> <span class='ocrx_word' id='word_1_131' title='bbox 403 2097 443 2146; x_wconf 90' lang='lat' dir='ltr'><strong>eo</strong></span> <span class='ocrx_word' id='word_1_132' title='bbox 469 2074 575 2145; x_wconf 82' lang='lat' dir='ltr'><strong>minna</strong></span> <span class='ocrx_word' id='word_1_133' title='bbox 601 2073 744 2145; x_wconf 82' lang='lat' dir='ltr'><strong>dubitari</strong></span> <span class='ocrx_word' id='word_1_134' title='bbox 768 2080 898 2170; x_wconf 85' lang='lat' dir='ltr'><strong>potest,</strong></span> <span class='ocrx_word' id='word_1_135' title='bbox 935 2066 1031 2170; x_wconf 87' lang='lat' dir='ltr'><strong>qnod</strong></span> <span class='ocrx_word' id='word_1_136' title='bbox 1055 2098 1122 2146; x_wconf 92' lang='lat' dir='ltr'><strong>non</strong></span> <span class='ocrx_word' id='word_1_137' title='bbox 1154 2075 1249 2146; x_wconf 93' lang='lat' dir='ltr'><strong>modo</strong></span> <span class='ocrx_word' id='word_1_138' title='bbox 1274 2083 1415 2146; x_wconf 84' lang='lat' dir='ltr'><strong>nocte-</strong></span> 
     </span>
     <span class='ocr_line' id='line_1_18' title="bbox 291 2174 1415 2273; baseline 0 -25"><span class='ocrx_word' id='word_1_139' title='bbox 291 2199 391 2248; x_wconf 90' lang='lat' dir='ltr'><strong>·mere</strong></span> <span class='ocrx_word' id='word_1_140' title='bbox 424 2174 599 2272; x_wconf 87' lang='lat' dir='ltr'><strong>quidquam</strong></span> <span class='ocrx_word' id='word_1_141' title='bbox 631 2182 794 2271; x_wconf 83' lang='lat' dir='ltr'><strong>sumptum</strong></span> <span class='ocrx_word' id='word_1_142' title='bbox 833 2199 895 2247; x_wconf 88' lang='lat' dir='ltr'><strong>uec</strong></span> <span class='ocrx_word' id='word_1_143' title='bbox 928 2197 1030 2273; x_wconf 85' lang='lat' dir='ltr'><strong>prava</strong></span> <span class='ocrx_word' id='word_1_144' title='bbox 1062 2176 1191 2247; x_wconf 86' lang='lat' dir='ltr'><strong>ratione</strong></span> <span class='ocrx_word' id='word_1_145' title='bbox 1224 2176 1415 2248; x_wconf 79' lang='lat' dir='ltr'><strong>conclusum</strong></span> 
     </span>
     <span class='ocr_line' id='line_1_19' title="bbox 242 2277 1414 2374; baseline 0.003 -26"><span class='ocrx_word' id='word_1_146' title='bbox 242 2304 249 2310; x_wconf 87' lang='grc'><em>·</em></span> <span class='ocrx_word' id='word_1_147' title='bbox 303 2285 374 2368; x_wconf 83' lang='lat' dir='ltr'><strong>aet,</strong></span> <span class='ocrx_word' id='word_1_148' title='bbox 410 2299 520 2347; x_wconf 84' lang='lat' dir='ltr'><strong>verum</strong></span> <span class='ocrx_word' id='word_1_149' title='bbox 553 2277 651 2348; x_wconf 88' lang='lat' dir='ltr'><strong>etiam</strong></span> <span class='ocrx_word' id='word_1_150' title='bbox 683 2300 737 2350; x_wconf 86' lang='lat' dir='ltr'><strong>res</strong></span> <span class='ocrx_word' id='word_1_151' title='bbox 768 2278 843 2372; x_wconf 83' lang='lat' dir='ltr'><strong>ipsa</strong></span> <span class='ocrx_word' id='word_1_152' title='bbox 868 2277 1030 2373; x_wconf 81' lang='lat' dir='ltr'><strong>exemplis</strong></span> <span class='ocrx_word' id='word_1_153' title='bbox 1056 2277 1263 2373; x_wconf 84' lang='lat' dir='ltr'><strong>comprobari</strong></span> <span class='ocrx_word' id='word_1_154' title='bbox 1289 2287 1414 2374; x_wconf 85' lang='lat' dir='ltr'><strong>potest.</strong></span> 
     </span>
     <span class='ocr_line' id='line_1_20' title="bbox 261 2377 1412 2476; baseline 0.001 -25"><span class='ocrx_word' id='word_1_155' title='bbox 261 2417 269 2458; x_wconf 39' lang='lat' dir='ltr'><strong>,f</strong></span> <span class='ocrx_word' id='word_1_156' title='bbox 300 2377 385 2451; x_wconf 87' lang='lat' dir='ltr'><strong>Nam</strong></span> <span class='ocrx_word' id='word_1_157' title='bbox 413 2402 510 2474; x_wconf 91' lang='lat' dir='ltr'><strong>qunrn</strong></span> <span class='ocrx_word' id='word_1_158' title='bbox 534 2379 599 2470; x_wconf 90' lang='lat' dir='ltr'><strong>illi,</strong></span> <span class='ocrx_word' id='word_1_159' title='bbox 626 2378 682 2473; x_wconf 93' lang='lat' dir='ltr'><strong>qni</strong></span> <span class='ocrx_word' id='word_1_160' title='bbox 708 2378 845 2474; x_wconf 80' lang='lat' dir='ltr'><strong>lyricum</strong></span> <span class='ocrx_word' id='word_1_161' title='bbox 870 2377 959 2450; x_wconf 85' lang='lat' dir='ltr'><strong>istud</strong></span> <span class='ocrx_word' id='word_1_162' title='bbox 981 2403 1085 2475; x_wconf 81' lang='lat' dir='ltr'><strong>genua</strong></span> <span class='ocrx_word' id='word_1_163' title='bbox 1102 2379 1280 2470; x_wconf 76' lang='lat' dir='ltr'><strong>finxerunt,</strong></span> <span class='ocrx_word' id='word_1_164' title='bbox 1306 2404 1412 2476; x_wconf 91' lang='lat' dir='ltr'><strong>neque</strong></span> 
     </span>
     <span class='ocr_line' id='line_1_21' title="bbox 302 2480 1414 2579; baseline -0.001 -26"><span class='ocrx_word' id='word_1_165' title='bbox 302 2482 489 2578; x_wconf 81' lang='lat' dir='ltr'><strong>exemplum</strong></span> <span class='ocrx_word' id='word_1_166' title='bbox 514 2481 585 2554; x_wconf 79' lang='lat' dir='ltr'><strong>eine</strong></span> <span class='ocrx_word' id='word_1_167' title='bbox 610 2481 714 2551; x_wconf 91' lang='lat' dir='ltr'><strong>nllum</strong></span> <span class='ocrx_word' id='word_1_168' title='bbox 740 2481 945 2552; x_wconf 56' lang='lat' dir='ltr'><strong>afferre‘nec</strong></span> <span class='ocrx_word' id='word_1_169' title='bbox 967 2481 1063 2578; x_wconf 89' lang='lat' dir='ltr'><strong>qnalc</strong></span> <span class='ocrx_word' id='word_1_170' title='bbox 1083 2481 1183 2552; x_wconf 89' lang='lat' dir='ltr'><strong>luerit</strong></span> <span class='ocrx_word' id='word_1_171' title='bbox 1200 2480 1311 2552; x_wconf 89' lang='lat' dir='ltr'><strong>dicere</strong></span> <span class='ocrx_word' id='word_1_172' title='bbox 1331 2506 1414 2579; x_wconf 83' lang='lat' dir='ltr'><strong>pos-</strong></span> 
     </span>
     <span class='ocr_line' id='line_1_22' title="bbox 300 2581 1413 2680; baseline 0.001 -26"><span class='ocrx_word' id='word_1_173' title='bbox 300 2583 380 2674; x_wconf 86' lang='lat' dir='ltr'><strong>nint,</strong></span> <span class='ocrx_word' id='word_1_174' title='bbox 407 2607 467 2654; x_wconf 83' lang='lat' dir='ltr'><strong>noa</strong></span> <span class='ocrx_word' id='word_1_175' title='bbox 493 2581 534 2653; x_wconf 89' lang='lat' dir='ltr'><strong>de</strong></span> <span class='ocrx_word' id='word_1_176' title='bbox 560 2581 691 2674; x_wconf 82' lang='lat' dir='ltr'><strong>moltis,</strong></span> <span class='ocrx_word' id='word_1_177' title='bbox 725 2606 808 2679; x_wconf 89' lang='lat' dir='ltr'><strong>qnae</strong></span> <span class='ocrx_word' id='word_1_178' title='bbox 840 2582 963 2677; x_wconf 79' lang='lat' dir='ltr'><strong>passim</strong></span> <span class='ocrx_word' id='word_1_179' title='bbox 990 2582 1133 2654; x_wconf 85' lang='lat' dir='ltr'><strong>breviter</strong></span> <span class='ocrx_word' id='word_1_180' title='bbox 1156 2582 1300 2654; x_wconf 87' lang='lat' dir='ltr'><strong>indicata</strong></span> <span class='ocrx_word' id='word_1_181' title='bbox 1325 2583 1413 2680; x_wconf 87' lang='lat' dir='ltr'><strong>apud</strong></span> 
     </span>
     <span class='ocr_line' id='line_1_23' title="bbox 299 2683 1413 2780; baseline 0.002 -24"><span class='ocrx_word' id='word_1_182' title='bbox 299 2691 428 2756; x_wconf 81' lang='lat' dir='ltr'><strong>ueteres</strong></span> <span class='ocrx_word' id='word_1_183' title='bbox 454 2684 676 2774; x_wconf 85' lang='lat' dir='ltr'><strong>inveniuntur,</strong></span> <span class='ocrx_word' id='word_1_184' title='bbox 702 2707 800 2755; x_wconf 93' lang='lat' dir='ltr'><strong>nnnm</strong></span> <span class='ocrx_word' id='word_1_185' title='bbox 825 2683 1030 2780; x_wconf 77' lang='lat' dir='ltr'><strong>proferemus</strong></span> <span class='ocrx_word' id='word_1_186' title='bbox 1055 2684 1195 2757; x_wconf 86' lang='lat' dir='ltr'><strong>omnium</strong></span> <span class='ocrx_word' id='word_1_187' title='bbox 1215 2684 1413 2758; x_wconf 82' lang='lat' dir='ltr'><strong>luculentia-</strong></span> 
     </span>
     <span class='ocr_line' id='line_1_24' title="bbox 107 2782 1411 2882; baseline 0.005 -28"><span class='ocrx_word' id='word_1_188' title='bbox 107 2839 111 2854; x_wconf 86' lang='lat'><strong>.</strong></span> <span class='ocrx_word' id='word_1_189' title='bbox 205 2851 207 2856; x_wconf 79' lang='grc'><em>,</em></span> <span class='ocrx_word' id='word_1_190' title='bbox 299 2786 640 2881; x_wconf 81' lang='lat' dir='ltr'><strong>simumexemplnm.</strong></span> <span class='ocrx_word' id='word_1_191' title='bbox 656 2785 693 2882; x_wconf 67' lang='lat' dir='ltr'><strong>a)</strong></span> <span class='ocrx_word' id='word_1_192' title='bbox 745 2783 873 2858; x_wconf 84' lang='lat' dir='ltr'><strong>Scribit</strong></span> <span class='ocrx_word' id='word_1_193' title='bbox 885 2785 1056 2858; x_wconf 84' lang='lat' dir='ltr'><strong>Diodorus</strong></span> <span class='ocrx_word' id='word_1_194' title='bbox 1074 2782 1333 2858; x_wconf 79' lang='lat' dir='ltr'><strong>SionlnaXVl.</strong></span> <span class='ocrx_word' id='word_1_195' title='bbox 1348 2788 1411 2862; x_wconf 77' lang='grc'><strong>92.</strong></span> 
     </span>
     <span class='ocr_line' id='line_1_25' title="bbox 297 2881 1410 2989; baseline 0.001 -29"><span class='ocrx_word' id='word_1_196' title='bbox 297 2890 339 2962; x_wconf 75' lang='grc' dir='ltr'><strong>δν</strong></span> <span class='ocrx_word' id='word_1_197' title='bbox 362 2883 435 2988; x_wconf 74' lang='grc' dir='ltr'><strong>γὰρ</strong></span> <span class='ocrx_word' id='word_1_198' title='bbox 460 2892 514 2983; x_wconf 75' lang='grc' dir='ltr'><strong>τῷ</strong></span> <span class='ocrx_word' id='word_1_199' title='bbox 539 2886 720 2982; x_wconf 78' lang='grc' dir='ltr'><strong><em>βασιλικῷ</em></strong></span> <span class='ocrx_word' id='word_1_200' title='bbox 744 2881 846 2982; x_wconf 87' lang='grc' dir='ltr'><em>πότῳ</em></span> <span class='ocrx_word' id='word_1_201' title='bbox 878 2882 1137 2980; x_wconf 79' lang='grc' dir='ltr'><em>Νεοπτόλεμος,</em></span> <span class='ocrx_word' id='word_1_202' title='bbox 1159 2884 1180 2960; x_wconf 82' lang='grc' dir='ltr'><strong><em>ὁ</em></strong></span> <span class='ocrx_word' id='word_1_203' title='bbox 1205 2883 1410 2989; x_wconf 75' lang='grc' dir='ltr'><em>τραγῳδός,</em></span> 
     </span>
     <span class='ocr_line' id='line_1_26' title="bbox 252 2983 1409 3086; baseline 0.002 -24"><span class='ocrx_word' id='word_1_204' title='bbox 252 3004 254 3008; x_wconf 81' lang='grc'><strong>“</strong></span> <span class='ocrx_word' id='word_1_205' title='bbox 297 2983 499 3084; x_wconf 74' lang='grc' dir='ltr'><em>πρωτεύων</em></span> <span class='ocrx_word' id='word_1_206' title='bbox 523 2993 568 3082; x_wconf 83' lang='grc' dir='ltr'><strong>τῇ</strong></span> <span class='ocrx_word' id='word_1_207' title='bbox 594 2988 868 3086; x_wconf 72' lang='grc' dir='ltr'><em>μεγαλοφωνίᾳ</em></span> <span class='ocrx_word' id='word_1_208' title='bbox 882 2986 945 3061; x_wconf 80' lang='grc' dir='ltr'><strong>καὶ</strong></span> <span class='ocrx_word' id='word_1_209' title='bbox 969 2994 1014 3083; x_wconf 85' lang='grc' dir='ltr'><strong>τῇ</strong></span> <span class='ocrx_word' id='word_1_210' title='bbox 1041 2983 1150 3083; x_wconf 82' lang='grc' dir='ltr'><em>δόξῃ,</em></span> <span class='ocrx_word' id='word_1_211' title='bbox 1183 2989 1409 3086; x_wconf 57' lang='grc' dir='ltr'><em>προςτοίξανκ</em></span> 
     </span>
     <span class='ocr_line' id='line_1_27' title="bbox 296 3087 1409 3188; baseline 0.003 -24"><span class='ocrx_word' id='word_1_212' title='bbox 296 3117 360 3172; x_wconf 83' lang='grc' dir='ltr'><strong>τος</strong></span> <span class='ocrx_word' id='word_1_213' title='bbox 385 3089 487 3185; x_wconf 81' lang='grc' dir='ltr'><em>αὐτῷ</em></span> <span class='ocrx_word' id='word_1_214' title='bbox 511 3096 580 3176; x_wconf 82' lang='grc' dir='ltr'><strong>τοῦ</strong></span> <span class='ocrx_word' id='word_1_215' title='bbox 596 3087 784 3162; x_wconf 81' lang='grc' dir='ltr'><em>Φιλίππου</em></span> <span class='ocrx_word' id='word_1_216' title='bbox 809 3087 1117 3188; x_wconf 75' lang='grc' dir='ltr'><em>προενέγκασθαι</em></span> <span class='ocrx_word' id='word_1_217' title='bbox 1127 3097 1206 3165; x_wconf 77' lang='grc' dir='ltr'><strong>τῶν</strong></span> <span class='ocrx_word' id='word_1_218' title='bbox 1230 3093 1409 3170; x_wconf 79' lang='grc' dir='ltr'><em>ἐπιτετευ-</em></span> 
     </span>
     <span class='ocr_line' id='line_1_28' title="bbox 296 3185 1408 3293; baseline 0.006 -31"><span class='ocrx_word' id='word_1_219' title='bbox 296 3190 446 3293; x_wconf 76' lang='grc' dir='ltr'><em>γμένων</em></span> <span class='ocrx_word' id='word_1_220' title='bbox 470 3185 687 3284; x_wconf 75' lang='grc' dir='ltr'><em>ποιημάτων</em></span> <span class='ocrx_word' id='word_1_221' title='bbox 710 3187 773 3262; x_wconf 81' lang='grc' dir='ltr'><strong>καί</strong></span> <span class='ocrx_word' id='word_1_222' title='bbox 798 3187 957 3284; x_wconf 82' lang='grc' dir='ltr'><em>μάλιστα</em></span> <span class='ocrx_word' id='word_1_223' title='bbox 982 3198 1060 3265; x_wconf 78' lang='grc' dir='ltr'><strong>τῶν</strong></span> <span class='ocrx_word' id='word_1_224' title='bbox 1085 3187 1303 3287; x_wconf 82' lang='grc' dir='ltr'><em>ἀνηκόντων</em></span> <span class='ocrx_word' id='word_1_225' title='bbox 1317 3193 1408 3293; x_wconf 82' lang='grc' dir='ltr'><em>πρὸς</em></span> 
     </span>
     <span class='ocr_line' id='line_1_29' title="bbox 275 3289 1407 3393; baseline 0.004 -27"><span class='ocrx_word' id='word_1_226' title='bbox 275 3291 366 3391; x_wconf 23' lang='grc' dir='ltr'><em>Ατὴν</em></span> <span class='ocrx_word' id='word_1_227' title='bbox 390 3289 486 3366; x_wconf 86' lang='grc' dir='ltr'><em>κατὰ</em></span> <span class='ocrx_word' id='word_1_228' title='bbox 511 3297 590 3366; x_wconf 84' lang='grc' dir='ltr'><strong>τῶν</strong></span> <span class='ocrx_word' id='word_1_229' title='bbox 606 3296 768 3388; x_wconf 82' lang='grc' dir='ltr'><em>Περσῶν</em></span> <span class='ocrx_word' id='word_1_230' title='bbox 793 3291 1001 3386; x_wconf 77' lang='grc' dir='ltr'><em>στρατείαν,</em></span> <span class='ocrx_word' id='word_1_231' title='bbox 1026 3291 1131 3388; x_wconf 75' lang='grc' dir='ltr'><em>ὃμὲν</em></span> <span class='ocrx_word' id='word_1_232' title='bbox 1151 3292 1315 3392; x_wconf 85' lang='grc' dir='ltr'><em>τεχνίτης</em></span> <span class='ocrx_word' id='word_1_233' title='bbox 1327 3295 1407 3393; x_wconf 78' lang='lat' dir='ltr'><strong>xpi-</strong></span> 
     </span>
     <span class='ocr_line' id='line_1_30' title="bbox 287 3389 1406 3495; baseline 0.003 -26"><span class='ocrx_word' id='word_1_234' title='bbox 287 3423 365 3484; x_wconf 44' lang='grc' dir='ltr'><em>,νας</em></span> <span class='ocrx_word' id='word_1_235' title='bbox 390 3399 523 3468; x_wconf 69' lang='lat' dir='ltr'><strong>elacior</strong></span> <span class='ocrx_word' id='word_1_236' title='bbox 547 3389 885 3491; x_wconf 77' lang='grc' dir='ltr'><em>δποληφθήσεσθαι</em></span> <span class='ocrx_word' id='word_1_237' title='bbox 914 3391 958 3467; x_wconf 88' lang='grc' dir='ltr'><strong>τὸ</strong></span> <span class='ocrx_word' id='word_1_238' title='bbox 989 3393 1128 3492; x_wconf 90' lang='grc' dir='ltr'><em>ποίημα</em></span> <span class='ocrx_word' id='word_1_239' title='bbox 1161 3403 1207 3490; x_wconf 84' lang='grc' dir='ltr'><strong>τῇ</strong></span> <span class='ocrx_word' id='word_1_240' title='bbox 1234 3394 1406 3495; x_wconf 73' lang='grc' dir='ltr'><em>διαβάσει</em></span> 
     </span>
     <span class='ocr_line' id='line_1_31' title="bbox 9 3493 1405 3597; baseline 0.004 -27"><span class='ocrx_word' id='word_1_241' title='bbox 9 3563 10 3570; x_wconf 74' lang='grc'><em>,</em></span> <span class='ocrx_word' id='word_1_242' title='bbox 295 3503 363 3570; x_wconf 86' lang='grc' dir='ltr'><strong>τοῦ</strong></span> <span class='ocrx_word' id='word_1_243' title='bbox 383 3494 583 3585; x_wconf 78' lang='grc' dir='ltr'><em>Φιλίππου,</em></span> <span class='ocrx_word' id='word_1_244' title='bbox 609 3495 672 3569; x_wconf 79' lang='grc' dir='ltr'><strong>καί</strong></span> <span class='ocrx_word' id='word_1_245' title='bbox 695 3493 764 3590; x_wconf 83' lang='grc' dir='ltr'><strong>τὴν</strong></span> <span class='ocrx_word' id='word_1_246' title='bbox 789 3493 1034 3590; x_wconf 81' lang='grc' dir='ltr'><em>εὐδαιμονίαν</em></span> <span class='ocrx_word' id='word_1_247' title='bbox 1057 3501 1245 3592; x_wconf 75' lang='grc' dir='ltr'><em>ἐπιπλῆξαι</em></span> <span class='ocrx_word' id='word_1_248' title='bbox 1268 3497 1405 3597; x_wconf 76' lang='grc' dir='ltr'><em>βουλό-</em></span> 
     </span>
     <span class='ocr_line' id='line_1_32' title="bbox 9 3581 1404 3704; baseline 0.004 -33"><span class='ocrx_word' id='word_1_249' title='bbox 9 3581 100 3676; x_wconf 40' lang='grc' dir='ltr'><strong>Ρκ</strong></span> <span class='ocrx_word' id='word_1_250' title='bbox 131 3641 137 3644; x_wconf 98' lang='grc'>-</span> <span class='ocrx_word' id='word_1_251' title='bbox 294 3586 405 3695; x_wconf 80' lang='grc' dir='ltr'><em>μενος</em></span> <span class='ocrx_word' id='word_1_252' title='bbox 435 3605 504 3671; x_wconf 86' lang='grc' dir='ltr'><strong>τοῦ</strong></span> <span class='ocrx_word' id='word_1_253' title='bbox 530 3601 690 3693; x_wconf 79' lang='grc' dir='ltr'><em>Περσῶν</em></span> <span class='ocrx_word' id='word_1_254' title='bbox 720 3596 900 3694; x_wconf 78' lang='grc' dir='ltr'><em>βασιλέως</em></span> <span class='ocrx_word' id='word_1_255' title='bbox 930 3596 1059 3696; x_wconf 86' lang='grc' dir='ltr'><em>καίπερ</em></span> <span class='ocrx_word' id='word_1_256' title='bbox 1092 3593 1210 3673; x_wconf 84' lang='grc' dir='ltr'><em>οὖσαν</em></span> <span class='ocrx_word' id='word_1_257' title='bbox 1241 3599 1404 3704; x_wconf 70' lang='grc' dir='ltr'><em>μεγάλην</em></span> 
     </span>
     <span class='ocr_line' id='line_1_33' title="bbox 293 3695 1403 3796; baseline 0.005 -22"><span class='ocrx_word' id='word_1_258' title='bbox 293 3698 358 3774; x_wconf 81' lang='grc' dir='ltr'><strong>καί</strong></span> <span class='ocrx_word' id='word_1_259' title='bbox 381 3695 621 3796; x_wconf 74' lang='grc' dir='ltr'><em>περιβόητον,</em></span> <span class='ocrx_word' id='word_1_260' title='bbox 656 3697 754 3782; x_wconf 81' lang='grc' dir='ltr'><em>ὅπως</em></span> <span class='ocrx_word' id='word_1_261' title='bbox 776 3700 972 3796; x_wconf 78' lang='grc' dir='ltr'><em>μεταπέσοι</em></span> <span class='ocrx_word' id='word_1_262' title='bbox 998 3699 1083 3774; x_wconf 78' lang='grc' dir='ltr'><em>ποτὲ</em></span> <span class='ocrx_word' id='word_1_263' title='bbox 1109 3705 1159 3784; x_wconf 79' lang='grc' dir='ltr'><strong>είς</strong></span> <span class='ocrx_word' id='word_1_264' title='bbox 1183 3703 1403 3780; x_wconf 82' lang='grc' dir='ltr'><em>τούναντίον</em></span> 
     </span>
     <span class='ocr_line' id='line_1_34' title="bbox 292 3797 1288 3904; baseline 0.004 -28"><span class='ocrx_word' id='word_1_265' title='bbox 292 3798 366 3876; x_wconf 77' lang='grc' dir='ltr'><strong>ὑπὸ</strong></span> <span class='ocrx_word' id='word_1_266' title='bbox 391 3807 455 3896; x_wconf 81' lang='grc' dir='ltr'><strong>τῆς</strong></span> <span class='ocrx_word' id='word_1_267' title='bbox 478 3797 602 3897; x_wconf 79' lang='grc' dir='ltr'><em>τύχης,</em></span> <span class='ocrx_word' id='word_1_268' title='bbox 627 3801 761 3898; x_wconf 78' lang='grc' dir='ltr'><em>ἤρξατο</em></span> <span class='ocrx_word' id='word_1_269' title='bbox 787 3801 904 3904; x_wconf 74' lang='grc' dir='ltr'><em>λέγειν</em></span> <span class='ocrx_word' id='word_1_270' title='bbox 928 3809 1038 3877; x_wconf 84' lang='grc' dir='ltr'><em>τοῦτο</em></span> <span class='ocrx_word' id='word_1_271' title='bbox 1061 3800 1105 3877; x_wconf 85' lang='grc' dir='ltr'><strong>τὸ</strong></span> <span class='ocrx_word' id='word_1_272' title='bbox 1130 3801 1288 3903; x_wconf 86' lang='grc' dir='ltr'><em>ποίημα·</em></span> 
     </span>
    </p>
   </div>
   <div class='ocr_carea' id='block_1_3' title="bbox 292 4085 1400 4492">
    <p class='ocr_par' dir='ltr' id='par_1_3' title="bbox 292 4085 1400 4492">
     <span class='ocr_line' id='line_1_35' title="bbox 377 4085 1400 4170; baseline 0.01 -24"><span class='ocrx_word' id='word_1_273' title='bbox 377 4085 408 4170; x_wconf 72' lang='lat'><strong>¹²)</strong></span> <span class='ocrx_word' id='word_1_274' title='bbox 427 4089 518 4148; x_wconf 83' lang='lat' dir='ltr'><strong>-Talia</strong></span> <span class='ocrx_word' id='word_1_275' title='bbox 546 4093 597 4151; x_wconf 86' lang='lat' dir='ltr'><strong>fnit</strong></span> <span class='ocrx_word' id='word_1_276' title='bbox 626 4085 766 4152; x_wconf 85' lang='lat' dir='ltr'><strong>Clementia</strong></span> <span class='ocrx_word' id='word_1_277' title='bbox 793 4093 922 4164; x_wconf 72' lang='lat' dir='ltr'><strong>recitatio,</strong></span> <span class='ocrx_word' id='word_1_278' title='bbox 955 4093 987 4152; x_wconf 88' lang='lat' dir='ltr'><strong>de</strong></span> <span class='ocrx_word' id='word_1_279' title='bbox 1013 4115 1064 4170; x_wconf 90' lang='lat' dir='ltr'><strong>qna</strong></span> <span class='ocrx_word' id='word_1_280' title='bbox 1088 4095 1264 4156; x_wconf 75' lang='lat' dir='ltr'><strong>Philostratus</strong></span> <span class='ocrx_word' id='word_1_281' title='bbox 1291 4099 1319 4154; x_wconf 90' lang='lat' dir='ltr'><strong>in</strong></span> <span class='ocrx_word' id='word_1_282' title='bbox 1345 4095 1400 4156; x_wconf 76' lang='lat' dir='ltr'><strong>vit</strong></span> 
     </span>
     <span class='ocr_line' id='line_1_36' title="bbox 294 4174 1400 4260; baseline 0.002 -24"><span class='ocrx_word' id='word_1_283' title='bbox 294 4174 408 4252; x_wconf 82' lang='lat' dir='ltr'><strong>Sophist.</strong></span> <span class='ocrx_word' id='word_1_284' title='bbox 428 4175 464 4234; x_wconf 90' lang='lat' dir='ltr'><strong>ll.</strong></span> <span class='ocrx_word' id='word_1_285' title='bbox 487 4175 536 4246; x_wconf 85' lang='lat'><strong>27,</strong></span> <span class='ocrx_word' id='word_1_286' title='bbox 557 4177 586 4236; x_wconf 82' lang='lat'><strong>2.</strong></span> <span class='ocrx_word' id='word_1_287' title='bbox 608 4199 633 4254; x_wconf 89' lang='lat' dir='ltr'><strong>p.</strong></span> <span class='ocrx_word' id='word_1_288' title='bbox 655 4175 728 4236; x_wconf 84' lang='lat'>616-</span> <span class='ocrx_word' id='word_1_289' title='bbox 750 4184 775 4234; x_wconf 92' lang='lat' dir='ltr'><strong>et</strong></span> <span class='ocrx_word' id='word_1_290' title='bbox 794 4175 909 4234; x_wconf 83' lang='lat' dir='ltr'><strong>Neronia</strong></span> <span class='ocrx_word' id='word_1_291' title='bbox 931 4197 1063 4238; x_wconf 78' lang='lat' dir='ltr'><strong>caesareae</strong></span> <span class='ocrx_word' id='word_1_292' title='bbox 1082 4183 1223 4256; x_wconf 84' lang='lat' dir='ltr'><strong>victoriae,</strong></span> <span class='ocrx_word' id='word_1_293' title='bbox 1256 4180 1400 4260; x_wconf 74' lang='lat' dir='ltr'><strong>dequibus</strong></span> 
     </span>
     <span class='ocr_line' id='line_1_37' title="bbox 292 4257 1400 4344; baseline 0.002 -24"><span class='ocrx_word' id='word_1_294' title='bbox 292 4260 467 4320; x_wconf 79' lang='lat' dir='ltr'><strong>Philostratus</strong></span> <span class='ocrx_word' id='word_1_295' title='bbox 494 4265 522 4319; x_wconf 92' lang='lat' dir='ltr'><strong>in</strong></span> <span class='ocrx_word' id='word_1_296' title='bbox 542 4261 730 4338; x_wconf 79' lang='lat' dir='ltr'><strong>V.Apottonii</strong></span> <span class='ocrx_word' id='word_1_297' title='bbox 750 4259 798 4319; x_wconf 82' lang='lat' dir='ltr'><strong>IV.</strong></span> <span class='ocrx_word' id='word_1_298' title='bbox 821 4258 871 4319; x_wconf 80' lang='lat'><strong>24.</strong></span> <span class='ocrx_word' id='word_1_299' title='bbox 898 4262 933 4322; x_wconf 84' lang='lat' dir='ltr'><strong>V.</strong></span> <span class='ocrx_word' id='word_1_300' title='bbox 954 4262 984 4322; x_wconf 85' lang='lat'><strong>7.</strong></span> <span class='ocrx_word' id='word_1_301' title='bbox 1011 4257 1178 4339; x_wconf 82' lang='lat' dir='ltr'><strong>Lucienoqne</strong></span> <span class='ocrx_word' id='word_1_302' title='bbox 1200 4265 1345 4344; x_wconf 76' lang='lat' dir='ltr'><strong>adscriptus</strong></span> <span class='ocrx_word' id='word_1_303' title='bbox 1369 4265 1400 4322; x_wconf 90' lang='lat' dir='ltr'><strong>li·</strong></span> 
     </span>
     <span class='ocr_line' id='line_1_38' title="bbox 292 4343 1399 4426; baseline 0.004 -22"><span class='ocrx_word' id='word_1_304' title='bbox 292 4347 389 4416; x_wconf 82' lang='lat' dir='ltr'><strong>bellus,</strong></span> <span class='ocrx_word' id='word_1_305' title='bbox 423 4343 493 4404; x_wconf 89' lang='lat' dir='ltr'><strong>Nero</strong></span> <span class='ocrx_word' id='word_1_306' title='bbox 521 4347 619 4416; x_wconf 85' lang='lat' dir='ltr'><strong>dictus,</strong></span> <span class='ocrx_word' id='word_1_307' title='bbox 649 4365 671 4403; x_wconf 86' lang='lat' dir='ltr'><strong>c.</strong></span> <span class='ocrx_word' id='word_1_308' title='bbox 693 4343 725 4406; x_wconf 87' lang='grc'><strong>9.</strong></span> <span class='ocrx_word' id='word_1_309' title='bbox 750 4346 786 4407; x_wconf 90' lang='grc' dir='ltr'><strong>Τ.</strong></span> <span class='ocrx_word' id='word_1_310' title='bbox 806 4347 856 4407; x_wconf 87' lang='grc' dir='ltr'><strong>ΠΙ.</strong></span> <span class='ocrx_word' id='word_1_311' title='bbox 882 4368 908 4426; x_wconf 89' lang='lat' dir='ltr'><strong>p.</strong></span> <span class='ocrx_word' id='word_1_312' title='bbox 929 4344 1001 4406; x_wconf 82' lang='lat'><strong>641.</strong></span> <span class='ocrx_word' id='word_1_313' title='bbox 1028 4359 1054 4406; x_wconf 87' lang='lat' dir='ltr'><strong>et</strong></span> <span class='ocrx_word' id='word_1_314' title='bbox 1074 4349 1225 4408; x_wconf 73' lang='lat' dir='ltr'><strong>Suetonins&#39;</strong></span> <span class='ocrx_word' id='word_1_315' title='bbox 1241 4355 1270 4410; x_wconf 88' lang='lat' dir='ltr'><strong>in</strong></span> <span class='ocrx_word' id='word_1_316' title='bbox 1294 4351 1399 4410; x_wconf 89' lang='lat' dir='ltr'><strong>Nerone</strong></span> 
     </span>
     <span class='ocr_line' id='line_1_39' title="bbox 293 4429 690 4492; baseline -0.008 0"><span class='ocrx_word' id='word_1_317' title='bbox 293 4451 316 4492; x_wconf 84' lang='grc' dir='ltr'><strong>ι.</strong></span> <span class='ocrx_word' id='word_1_318' title='bbox 336 4429 389 4491; x_wconf 84' lang='grc'><strong>20.</strong></span> <span class='ocrx_word' id='word_1_319' title='bbox 410 4429 460 4490; x_wconf 85' lang='grc'><strong>21.</strong></span> <span class='ocrx_word' id='word_1_320' title='bbox 579 4437 583 4446; x_wconf 89' lang='grc'><strong>’</strong></span> <span class='ocrx_word' id='word_1_321' title='bbox 687 4442 690 4454; x_wconf 82' lang='grc'><strong>“</strong></span> 
     </span>
    </p>
   </div>
   <div class='ocr_carea' id='block_1_4' title="bbox 0 0 1542 5046">
    <p class='ocr_par' dir='ltr' id='par_1_4' title="bbox 0 0 1542 5046">
     <span class='ocr_line' id='line_1_40' title="bbox 0 0 1542 5046; baseline 0 4"><span class='ocrx_word' id='word_1_322' title='bbox 0 0 1542 5046; x_wconf 95' lang='lat' dir='ltr'><strong> </strong></span> 
     </span>
    </p>
   </div>
  </div>
 </body>
</html>
