3076 5046
204 307 212 322 ’
323 295 368 428 -’
420 331 715 408 onannnrroons
734 335 971 400 rmoaorono.
1186 335 1248 404 167

124 505 197 588 set,
227 501 476 572 commemorari
500 501 557 574 vix
583 500 740 591 decelatr
776 501 842 573 alia
874 508 983 574 autom
1014 503 1133 574 molier
1156 512 1247 575 reete

127 599 205 690 sio‚'
224 600 275 671 un·
298 599 379 672 lecit
403 611 522 698 pocta,
557 604 709 674 excusari
736 603 972 700 quodammodo
998 604 1126 701 potnit,
1160 607 1247 700 qnod

125 701 177 771 ita
200 701 301 772 simul
319 701 460 774 adulteri
481 705 578 800 culpa
596 705 696 778 minoi
711 705 890 776 videretur.
940 704 1017 778 Non
1032 707 1118 777 enirn
1132 715 1246 801 aperte

126 799 415 896 Clytaemnestrae
443 807 662 903 exprobrator
687 806 882 877 adulterium
889 858 902 898 ,
943 807 1002 878 sel
1028 808 1132 904 magis
1158 808 1244 879 fama

51 970 53 974 .
102 899 106 914 “
126 903 201 974 eins
230 928 293 1000 per
313 903 461 978 homines
477 908 653 979 maledicos
672 932 787 1004 sparsa
804 933 877 980 esse
893 909 1111 1004 significatur.
1147 908 1264 1000 Quod·

125 1005 157 1075 si
182 1005 256 1076 tale
282 1005 417 1099 lactum,
444 1010 539 1104 quale
566 1010 649 1098 diri,
675 1010 797 1106 respici
822 1018 986 1106 potamio,
1015 1011 1137 1108 optime
1163 1035 1246 1082 con-

126 1107 268 1178 veniunt
284 1105 397 1179 'etiam
430 1134 512 1205 qnae
544 1111 580 1182 in
611 1110 677 1183 line
711 1111 864 1184 carminis
890 1111 930 1182 de
951 1113 1024 1184 mita
1045 1136 1115 1200 non
1140 1124 1245 1208 appe·
1350 1161 1352 1166 -

123 1216 221 1279 tento
250 1207 493 1303 dominationis,
519 1212 711 1311 meliorique
736 1220 841 1286 morte
867 1213 1008 1285 hominis
1030 1213 1159 1286 modica
1174 1213 1245 1285 lor·

17 1317 21 1334 '
122 1317 208 1382 tana
236 1312 382 1400 contenti
407 1313 616 1386 adiiciuntur.

232 1441 275 1516 In
303 1445 409 1517 verbis
433 1454 553 1544 poetae
579 1437 667 1540 sont,
694 1472 777 1544 qnae
802 1472 889 1519 nova
914 1473 993 1520 cora
1017 1447 1167 1545 indigere
1194 1449 1244 1520 vi-

119 1543 319 1744 {imilit-
335 1546 432 1637 Quod
457 1572 491 1619 v.
510 1551 571 1622 12.
598 1549 694 1648 (21.)
721 1549 762 1620 de
778 1549 955 1622 certamine
975 1548 1136 1624 Cirrhaeo
1157 1550 1243 1622 scri·

256 1799 298 1872 ἐν
321 1805 376 1896 τῴ
405 1794 639 1897 Θρασυδαῖος
661 1800 822 1896 ἔμνασεν
846 1796 973 1876 ἑστίαν

254 1898 383 1995 τρίτον
396 1899 467 1975 ἀπὶ
492 1899 680 1998 στέφανον
704 1896 884 1998 πατρῴαν
908 1896 1052 2000 βαλών,
1171 1952 1174 1960 1
1281 1892 1300 1936 ¹·

254 2001 296 2076 ἐν
321 2002 477 2100 ἀφνεαῖς
502 2001 701 2102 ἀροοραῖσι
726 1998 893 2078 Πυλάδα
986 2005 988 2010 ’

163 2153 167 2172 .
253 2111 371 2179 νικῶν
396 2103 502 2188 ξένου
526 2101 711 2188 Λάκωνος
729 2103 899 2204 Ὀρέστα,

123 2255 191 2328 etsi
219 2255 417 2329 scholiastae
445 2267 574 2352 qnoque
599 2258 647 2330 ita
672 2252 847 2354 legerunt,
883 2264 992 2330 tamen
1017 2284 1084 2330 non
1111 2259 1240 2330 credam

122 2358 174 2429 aio
202 2381 223 2428 a
247 2357 394 2430 Pindaro
430 2382 503 2432 esse
535 2358 733 2455 profectum.
790 2357 874 2429 Nam
908 2385 975 2430 non
1008 2359 1114 2431 solnm
1145 2359 1241 2430 valde
1324 2429 1328 2438 ,

122 2453 309 2546 insolenter
334 2459 494 2555 ἔμνασεν
520 2455 646 2540 ἑστίαν
678 2459 822 2554 positum
855 2466 906 2529 cst
932 2459 1065 2533 omisso
1080 2460 1240 2552 genitivo,

40 2563 44 2572 '
122 2585 190 2658 qno
218 2559 334 2630 horum
361 2560 490 2655 quidem
516 2560 690 2644 verborum
716 2558 918 2629 consociatio
945 2582 1011 2630 non
1036 2559 1167 2628 videtur
1184 2581 1242 2630 ca-

121 2685 201 2732 rere
227 2684 347 2754 posse,
381 2659 563 2732 sedetiam
591 2653 771 2754 πατρῴαν
796 2658 905 2729 Ιοοοιο
930 2665 1021 2729 tenet
1046 2681 1140 2748 erim,
1176 2683 1240 2754 quo

120 2761 350 2859 positum'est
374 2760 591 2857 ineptissime,
642 2758 718 2832 Nisi
743 2783 941 2856 magnopere
967 2758 1087 2850 fallor,
1121 2766 1156 2830 et
1180 2783 1242 2856 gc·
1326 2803 1329 2812 ι

122 2863 222 2957 nitiri
249 2863 382 2935 omissio
408 2864 527 2934 iustam
553 2861 864 2953 commonstrem,
890 2870 924 2933 et
941 2861 1027 2958 qno'd
1050 2871 1136 2932 nono
1155 2863 1239 2932 orale

124 2966 324 3038 collocatum
340 2973 392 3038 est
411 2966 618 3057 vocabulum,
644 2972 734 3037 recte
751 2965 865 3036 locnro'
878 2989 973 3036 sonno
991 2963 1130 3054 tenebit,
1155 2965 1240 3036 scri·
1267 3032 1275 3044 „

124 3075 224 3162 ptnra
248 3066 291 3138 ad
315 3067 403 3140 hanc
427 3067 558 3139 modom
583 3066 773 3138 emendata:
849 3137 851 3146 ,

250 3217 292 3291 δν
316 3225 370 3314 τῷ
400 3216 634 3318 Θρασυδαῖος
658 3215 799 3314 ἔμνασὲ
818 3215 860 3310 μ’
890 3213 1018 3290 ἑστίαν

250 3317 378 3416 τρίτον
403 3320 462 3391 ἔπι
487 3316 674 3417 στέφανον
699 3313 880 3416 πατρῴαν
903 3313 1047 3415 βαλών.

99 3481 102 3484 ’
123 3469 264 3644 illem
290 3472 347 3570 qni
365 3470 551 3543 meminisse
571 3470 678 3561 intret,
700 3469 794 3568 patet
810 3469 949 3542 canendi
970 3475 1146 3540 memorem
1159 3457 1237 3541 ⁴esse
1314 3465 1322 3552 ζ
1350 3481 1354 3494 ·

123 3597 157 3644 ¹¹¹
179 3596 294 3782 ertllari
318 3713 448 3762 sensnm
473 3689 594 3762 liabent
626 3680 797 3785 poetarum
828 3686 972 3775 lectione
1004 3687 1086 3758 bene
1118 3687 1236 3759 excol-
1289 3711 1291 3714 ·
1394 3755 1397 3766 r
1464 3755 1469 3762 ,

125 3799 218 3886 tam,'
249 3817 316 3864 non
349 3791 423 3864 sine
453 3791 634 3864 offensione
668 3787 805 3886 quadam
830 3789 963 3886 legent,-
996 3807 1083 3885 qnae
1110 3789 1235 3886 scripta

125 3904 201 3968 sont
218 3919 258 3994 r.
283 3896 346 3968 24.
373 3892 490 3991 (38.):

248 4042 272 4142 ἢ
297 4043 409 4146 ἑτέρῳ
433 4042 528 4139 λέχεϊ
549 4039 817 4140 δαμαζομέναν
1076 4031 1081 4042 ’
1163 4081 1167 4085 ·
1234 4041 1283 4114 14

251 4149 397 4243 ἕννοχοι
422 4143 593 4247 πάραγον
617 4149 756 4232 κοδταις
788 4142 833 4217 τδ
857 4140 898 4218 δὲ
923 4143 1023 4226 νέαις
1047 4135 1193 4235 ἀλόχοις

215 4281 217 4284 ·
250 4249 425 4374 ἔχθιστον
450 4243 671 4345 ἀμπλάκιον,
697 4241 861 4345 ναλάῴαι
886 4247 920 4319 τ’
952 4240 1148 4341 ἀμάχανον

251 4349 474 4448 ἀλλοτρίαισι
497 4346 690 4452 γλώσσαις.
1119 4365 1125 4374 ’
