<?xml version="1.0" encoding="UTF-8"?>
<!DOCTYPE html PUBLIC "-//W3C//DTD XHTML 1.0 Transitional//EN"
    "http://www.w3.org/TR/xhtml1/DTD/xhtml1-transitional.dtd">
<html xmlns="http://www.w3.org/1999/xhtml" xml:lang="en" lang="en">
 <head>
  <title>
</title>
<meta http-equiv="Content-Type" content="text/html;charset=utf-8" />
  <meta name='ocr-system' content='tesseract 3.04.00' />
  <meta name='ocr-capabilities' content='ocr_page ocr_carea ocr_par ocr_line ocrx_word'/>
</head>
<body>
  <div class='ocr_page' id='page_1' title='image "./opuscula05hermgoog/opuscula05hermgoog_0161.png"; bbox 0 0 3084 5050; ppageno 0'>
   <div class='ocr_carea' id='block_1_1' title="bbox 279 283 1112 383">
    <p class='ocr_par' dir='ltr' id='par_1_1' title="bbox 279 283 1112 383">
     <span class='ocr_line' id='line_1_1' title="bbox 279 283 1112 383; baseline 0 -10"><span class='ocrx_word' id='word_1_1' title='bbox 279 317 348 383; x_wconf 79' lang='lat' dir='ltr'><strong>neu</strong></span> <span class='ocrx_word' id='word_1_2' title='bbox 563 315 857 380; x_wconf 80' lang='lat' dir='ltr'><strong>suenonrronus</strong></span> <span class='ocrx_word' id='word_1_3' title='bbox 878 283 1112 378; x_wconf 78' lang='grc' dir='ltr'><strong>ιιιιιιιιιιοιι</strong></span> 
     </span>
    </p>
   </div>
   <div class='ocr_carea' id='block_1_2' title="bbox 147 480 1520 1598">
    <p class='ocr_par' dir='ltr' id='par_1_2' title="bbox 147 480 1520 1598">
     <span class='ocr_line' id='line_1_2' title="bbox 147 480 1393 612; baseline -0.007 -51"><span class='ocrx_word' id='word_1_4' title='bbox 147 509 149 520; x_wconf 92' lang='grc'><em>·</em></span> <span class='ocrx_word' id='word_1_5' title='bbox 285 485 385 560; x_wconf 86' lang='lat' dir='ltr'><strong>bebat</strong></span> <span class='ocrx_word' id='word_1_6' title='bbox 409 483 538 577; x_wconf 70' lang='lat' dir='ltr'><strong>virgula</strong></span> <span class='ocrx_word' id='word_1_7' title='bbox 563 483 686 582; x_wconf 85' lang='lat' dir='ltr'><strong>post&#39;</strong></span> <span class='ocrx_word' id='word_1_8' title='bbox 666 481 779 612; x_wconf 75' lang='lat' dir='ltr'><strong>aperit</strong></span> <span class='ocrx_word' id='word_1_9' title='bbox 804 483 1020 578; x_wconf 67' lang='lat' dir='ltr'>distinguere,</span> <span class='ocrx_word' id='word_1_10' title='bbox 1046 490 1083 554; x_wconf 92' lang='lat' dir='ltr'><strong>ut</strong></span> <span class='ocrx_word' id='word_1_11' title='bbox 1108 480 1271 556; x_wconf 85' lang='lat' dir='ltr'><strong>sententio</strong></span> <span class='ocrx_word' id='word_1_12' title='bbox 1290 488 1393 574; x_wconf 82' lang='lat' dir='ltr'><strong>esset,</strong></span> 
     </span>
     <span class='ocr_line' id='line_1_3' title="bbox 286 581 1393 687; baseline -0.005 -27.775"><span class='ocrx_word' id='word_1_13' title='bbox 286 581 430 687; x_wconf 75' lang='lat' dir='ltr'><strong>popello</strong></span> <span class='ocrx_word' id='word_1_14' title='bbox 456 585 493 660; x_wconf 69' lang='grc' dir='ltr'><strong>δ’</strong></span> <span class='ocrx_word' id='word_1_15' title='bbox 524 585 706 685; x_wconf 72' lang='grc' dir='ltr'><strong>(ἐστὶν)’</strong></span> <span class='ocrx_word' id='word_1_16' title='bbox 686 581 812 681; x_wconf 69' lang='lat' dir='ltr'><strong>oomni,</strong></span> <span class='ocrx_word' id='word_1_17' title='bbox 838 586 1041 682; x_wconf 75' lang='grc' dir='ltr'><strong>ῥανθεῖοαι</strong></span> <span class='ocrx_word' id='word_1_18' title='bbox 1066 609 1218 686; x_wconf 74' lang='lat' dir='ltr'><strong>magna</strong></span> <span class='ocrx_word' id='word_1_19' title='bbox 1241 595 1300 656; x_wconf 71' lang='lat' dir='ltr'><strong>est</strong></span> <span class='ocrx_word' id='word_1_20' title='bbox 1317 585 1393 655; x_wconf 82' lang='lat' dir='ltr'><strong>oir-</strong></span> 
     </span>
     <span class='ocr_line' id='line_1_4' title="bbox 263 684 1396 780; baseline -0.011 -11"><span class='ocrx_word' id='word_1_21' title='bbox 263 700 362 780; x_wconf 64' lang='grc' dir='ltr'><strong>,ιιια</strong></span> <span class='ocrx_word' id='word_1_22' title='bbox 386 686 554 763; x_wconf 77' lang='lat' dir='ltr'><strong>lautdata</strong></span> <span class='ocrx_word' id='word_1_23' title='bbox 576 685 827 761; x_wconf 72' lang='lat' dir='ltr'><em>carminibus.</em></span> <span class='ocrx_word' id='word_1_24' title='bbox 879 684 950 759; x_wconf 85' lang='lat' dir='ltr'><strong>Sed</strong></span> <span class='ocrx_word' id='word_1_25' title='bbox 974 686 1080 758; x_wconf 89' lang='lat' dir='ltr'><strong>maior</strong></span> <span class='ocrx_word' id='word_1_26' title='bbox 1103 692 1214 763; x_wconf 85' lang='lat' dir='ltr'><strong>estet</strong></span> <span class='ocrx_word' id='word_1_27' title='bbox 1199 685 1396 757; x_wconf 87' lang='lat' dir='ltr'><strong>taudaoior</strong></span> 
     </span>
     <span class='ocr_line' id='line_1_5' title="bbox 287 785 1396 887; baseline -0.004 -25"><span class='ocrx_word' id='word_1_28' title='bbox 287 791 353 863; x_wconf 87' lang='lat' dir='ltr'><strong>ista</strong></span> <span class='ocrx_word' id='word_1_29' title='bbox 376 791 534 881; x_wconf 89' lang='lat' dir='ltr'><strong>mutatio,</strong></span> <span class='ocrx_word' id='word_1_30' title='bbox 569 814 665 885; x_wconf 86' lang='lat' dir='ltr'><strong>quarn</strong></span> <span class='ocrx_word' id='word_1_31' title='bbox 690 798 727 861; x_wconf 94' lang='lat' dir='ltr'><strong>ut</strong></span> <span class='ocrx_word' id='word_1_32' title='bbox 751 788 859 887; x_wconf 85' lang='lat' dir='ltr'><strong>possit</strong></span> <span class='ocrx_word' id='word_1_33' title='bbox 885 811 961 860; x_wconf 88' lang='lat' dir='ltr'><strong>vera</strong></span> <span class='ocrx_word' id='word_1_34' title='bbox 986 787 1103 858; x_wconf 82' lang='lat' dir='ltr'><strong>videri.</strong></span> <span class='ocrx_word' id='word_1_35' title='bbox 1159 785 1217 883; x_wconf 83' lang='lat' dir='ltr'><strong>Eg</strong></span> <span class='ocrx_word' id='word_1_36' title='bbox 1198 811 1238 858; x_wconf 75' lang='grc' dir='ltr'><strong>σο</strong></span> <span class='ocrx_word' id='word_1_37' title='bbox 1265 785 1396 883; x_wconf 87' lang='lat' dir='ltr'><strong>quidem</strong></span> 
     </span>
     <span class='ocr_line' id='line_1_6' title="bbox 286 887 1395 988; baseline -0.003 -25"><span class='ocrx_word' id='word_1_38' title='bbox 286 892 321 964; x_wconf 94' lang='lat' dir='ltr'><strong>in</strong></span> <span class='ocrx_word' id='word_1_39' title='bbox 347 894 481 988; x_wconf 83' lang='lat' dir='ltr'><strong>uulgata</strong></span> <span class='ocrx_word' id='word_1_40' title='bbox 513 893 677 988; x_wconf 88' lang='lat' dir='ltr'><strong>scriptura</strong></span> <span class='ocrx_word' id='word_1_41' title='bbox 701 891 800 962; x_wconf 85' lang='lat' dir='ltr'><strong>boam</strong></span> <span class='ocrx_word' id='word_1_42' title='bbox 825 897 951 962; x_wconf 87' lang='lat' dir='ltr'><strong>tantum</strong></span> <span class='ocrx_word' id='word_1_43' title='bbox 975 889 1119 961; x_wconf 78' lang='lat' dir='ltr'><strong>litteram</strong></span> <span class='ocrx_word' id='word_1_44' title='bbox 1144 887 1295 961; x_wconf 81' lang='lat' dir='ltr'><strong>vitiosam</strong></span> <span class='ocrx_word' id='word_1_45' title='bbox 1321 911 1395 960; x_wconf 86' lang='lat' dir='ltr'><strong>esse</strong></span> 
     </span>
     <span class='ocr_line' id='line_1_7' title="bbox 248 988 1397 1090; baseline -0.005 -26"><span class='ocrx_word' id='word_1_46' title='bbox 248 1076 250 1080; x_wconf 16' lang='lat'><strong><em>¹</em></strong></span> <span class='ocrx_word' id='word_1_47' title='bbox 286 1001 388 1090; x_wconf 91' lang='lat' dir='ltr'><strong>puto·</strong></span> <span class='ocrx_word' id='word_1_48' title='bbox 420 1017 495 1065; x_wconf 89' lang='lat' dir='ltr'><strong>uam</strong></span> <span class='ocrx_word' id='word_1_49' title='bbox 519 1018 591 1066; x_wconf 81' lang='grc' dir='ltr'><strong>που</strong></span> <span class='ocrx_word' id='word_1_50' title='bbox 599 1045 612 1080; x_wconf 83' lang='grc'>,</span> <span class='ocrx_word' id='word_1_51' title='bbox 648 1017 713 1064; x_wconf 92' lang='lat' dir='ltr'><strong>uon</strong></span> <span class='ocrx_word' id='word_1_52' title='bbox 739 1018 801 1064; x_wconf 85' lang='grc' dir='ltr'><strong>ποι</strong></span> <span class='ocrx_word' id='word_1_53' title='bbox 826 993 983 1088; x_wconf 82' lang='lat' dir='ltr'><strong>scriptum</strong></span> <span class='ocrx_word' id='word_1_54' title='bbox 1010 989 1194 1087; x_wconf 84' lang='lat' dir='ltr'><strong>oportebat.</strong></span> <span class='ocrx_word' id='word_1_55' title='bbox 1245 988 1299 1061; x_wconf 89' lang='lat' dir='ltr'><strong>De</strong></span> <span class='ocrx_word' id='word_1_56' title='bbox 1325 1013 1397 1060; x_wconf 90' lang='lat' dir='ltr'><strong>me-</strong></span> 
     </span>
     <span class='ocr_line' id='line_1_8' title="bbox 237 1088 1397 1190; baseline -0.004 -23"><span class='ocrx_word' id='word_1_57' title='bbox 237 1088 384 1167; x_wconf 81' lang='lat' dir='ltr'><strong>22tro</strong></span> <span class='ocrx_word' id='word_1_58' title='bbox 373 1119 437 1166; x_wconf 88' lang='lat' dir='ltr'><strong>uam</strong></span> <span class='ocrx_word' id='word_1_59' title='bbox 464 1119 529 1165; x_wconf 89' lang='lat' dir='ltr'><strong>non</strong></span> <span class='ocrx_word' id='word_1_60' title='bbox 555 1117 628 1166; x_wconf 84' lang='lat' dir='ltr'><strong>esse</strong></span> <span class='ocrx_word' id='word_1_61' title='bbox 655 1094 798 1166; x_wconf 83' lang='lat' dir='ltr'><strong>arbitror</strong></span> <span class='ocrx_word' id='word_1_62' title='bbox 830 1093 916 1190; x_wconf 88' lang='lat' dir='ltr'><strong>quod</strong></span> <span class='ocrx_word' id='word_1_63' title='bbox 941 1099 1134 1164; x_wconf 87' lang='lat' dir='ltr'><strong>metuamus.</strong></span> <span class='ocrx_word' id='word_1_64' title='bbox 1194 1089 1318 1164; x_wconf 83' lang='lat' dir='ltr'><strong>Mirum</strong></span> <span class='ocrx_word' id='word_1_65' title='bbox 1343 1097 1397 1162; x_wconf 87' lang='lat' dir='ltr'><strong>est</strong></span> 
     </span>
     <span class='ocr_line' id='line_1_9' title="bbox 288 1192 1397 1292; baseline -0.005 -23"><span class='ocrx_word' id='word_1_66' title='bbox 288 1197 395 1287; x_wconf 86' lang='lat' dir='ltr'><strong>enim,</strong></span> <span class='ocrx_word' id='word_1_67' title='bbox 432 1195 518 1292; x_wconf 87' lang='lat' dir='ltr'><strong>quod</strong></span> <span class='ocrx_word' id='word_1_68' title='bbox 545 1195 735 1267; x_wconf 89' lang='lat' dir='ltr'><strong>omnibus</strong></span> <span class='ocrx_word' id='word_1_69' title='bbox 725 1221 759 1266; x_wconf 90' lang='grc' dir='ltr'><strong>ιιι</strong></span> <span class='ocrx_word' id='word_1_70' title='bbox 793 1196 938 1291; x_wconf 85' lang='lat' dir='ltr'><strong>stropbis</strong></span> <span class='ocrx_word' id='word_1_71' title='bbox 963 1193 1018 1265; x_wconf 90' lang='lat' dir='ltr'><strong>bio</strong></span> <span class='ocrx_word' id='word_1_72' title='bbox 1042 1217 1156 1265; x_wconf 81' lang='lat' dir='ltr'><strong>uersus</strong></span> <span class='ocrx_word' id='word_1_73' title='bbox 1183 1215 1202 1263; x_wconf 89' lang='lat' dir='ltr'><strong>a</strong></span> <span class='ocrx_word' id='word_1_74' title='bbox 1227 1217 1308 1264; x_wconf 85' lang='lat' dir='ltr'><strong>vooe</strong></span> <span class='ocrx_word' id='word_1_75' title='bbox 1333 1192 1397 1264; x_wconf 89' lang='lat' dir='ltr'><strong>tri-</strong></span> 
     </span>
     <span class='ocr_line' id='line_1_10' title="bbox 288 1294 1396 1394; baseline -0.003 -25"><span class='ocrx_word' id='word_1_76' title='bbox 288 1298 439 1394; x_wconf 75' lang='lat' dir='ltr'><strong>syllaba</strong></span> <span class='ocrx_word' id='word_1_77' title='bbox 428 1296 558 1394; x_wconf 77' lang='lat' dir='ltr'><strong>sucipit,</strong></span> <span class='ocrx_word' id='word_1_78' title='bbox 584 1305 812 1393; x_wconf 81' lang='lat' dir='ltr'><strong>praeterquam</strong></span> <span class='ocrx_word' id='word_1_79' title='bbox 827 1320 893 1367; x_wconf 94' lang='lat' dir='ltr'><strong>uno</strong></span> <span class='ocrx_word' id='word_1_80' title='bbox 911 1297 945 1367; x_wconf 92' lang='lat' dir='ltr'><strong>iu</strong></span> <span class='ocrx_word' id='word_1_81' title='bbox 959 1295 1125 1367; x_wconf 88' lang='lat' dir='ltr'><strong>Boeokbii</strong></span> <span class='ocrx_word' id='word_1_82' title='bbox 1140 1294 1283 1378; x_wconf 85' lang='lat' dir='ltr'><strong>editione</strong></span> <span class='ocrx_word' id='word_1_83' title='bbox 1299 1295 1396 1383; x_wconf 88' lang='lat' dir='ltr'><strong>loco;</strong></span> 
     </span>
     <span class='ocr_line' id='line_1_11' title="bbox 287 1395 1520 1494; baseline -0.002 -24"><span class='ocrx_word' id='word_1_84' title='bbox 287 1399 404 1470; x_wconf 89' lang='lat' dir='ltr'><strong>mirum</strong></span> <span class='ocrx_word' id='word_1_85' title='bbox 430 1423 507 1470; x_wconf 84' lang='lat' dir='ltr'><strong>uero</strong></span> <span class='ocrx_word' id='word_1_86' title='bbox 534 1399 632 1470; x_wconf 88' lang='lat' dir='ltr'><strong>etiam</strong></span> <span class='ocrx_word' id='word_1_87' title='bbox 658 1398 760 1490; x_wconf 88' lang='lat' dir='ltr'><strong>aliud,</strong></span> <span class='ocrx_word' id='word_1_88' title='bbox 787 1397 828 1470; x_wconf 78' lang='lat' dir='ltr'><strong>ule</strong></span> <span class='ocrx_word' id='word_1_89' title='bbox 854 1417 917 1494; x_wconf 89' lang='lat' dir='ltr'><strong>quo</strong></span> <span class='ocrx_word' id='word_1_90' title='bbox 944 1397 1055 1474; x_wconf 82' lang='lat' dir='ltr'><strong>statim</strong></span> <span class='ocrx_word' id='word_1_91' title='bbox 1080 1396 1199 1488; x_wconf 84' lang='lat' dir='ltr'><strong>diuam,</strong></span> <span class='ocrx_word' id='word_1_92' title='bbox 1224 1395 1280 1467; x_wconf 90' lang='lat' dir='ltr'><strong>ubi</strong></span> <span class='ocrx_word' id='word_1_93' title='bbox 1303 1396 1397 1493; x_wconf 88' lang='lat' dir='ltr'><strong>ipsos</strong></span> <span class='ocrx_word' id='word_1_94' title='bbox 1519 1451 1520 1454; x_wconf 63' lang='lat'><strong>,</strong></span> 
     </span>
     <span class='ocr_line' id='line_1_12' title="bbox 287 1523 591 1598; baseline 0 -26"><span class='ocrx_word' id='word_1_95' title='bbox 287 1525 402 1576; x_wconf 85' lang='lat' dir='ltr'><strong>versus</strong></span> <span class='ocrx_word' id='word_1_96' title='bbox 426 1523 591 1598; x_wconf 80' lang='lat' dir='ltr'><strong>posuero:</strong></span> 
     </span>
    </p>
   </div>
   <div class='ocr_carea' id='block_1_3' title="bbox 290 1645 1257 2460">
    <p class='ocr_par' dir='ltr' id='par_1_3' title="bbox 290 1645 1122 1748">
     <span class='ocr_line' id='line_1_13' title="bbox 290 1645 1122 1748; baseline -0.001 -22"><span class='ocrx_word' id='word_1_97' title='bbox 290 1703 295 1710; x_wconf 89' lang='lat'><em>-</em></span> <span class='ocrx_word' id='word_1_98' title='bbox 390 1680 424 1726; x_wconf 94' lang='grc' dir='ltr'><strong>α.</strong></span> <span class='ocrx_word' id='word_1_99' title='bbox 435 1654 596 1746; x_wconf 68' lang='grc' dir='ltr'><em>αἰῶνος</em></span> <span class='ocrx_word' id='word_1_100' title='bbox 624 1648 780 1748; x_wconf 79' lang='grc' dir='ltr'><em>(ἀκρᾶν</em></span> <span class='ocrx_word' id='word_1_101' title='bbox 804 1645 1122 1746; x_wconf 78' lang='grc' dir='ltr'><strong>βαθμίδωνάπο.</strong></span> 
     </span>
    </p>

    <p class='ocr_par' dir='ltr' id='par_1_4' title="bbox 464 1748 1104 1879">
     <span class='ocr_line' id='line_1_14' title="bbox 464 1748 1104 1879; baseline -0.01 -49"><span class='ocrx_word' id='word_1_102' title='bbox 464 1749 663 1850; x_wconf 75' lang='grc' dir='ltr'><strong>ὗφθαλμὸς</strong></span> <span class='ocrx_word' id='word_1_103' title='bbox 691 1749 712 1879; x_wconf 83' lang='grc' dir='ltr'>Ι</span> <span class='ocrx_word' id='word_1_104' title='bbox 726 1748 1029 1826; x_wconf 77' lang='grc' dir='ltr'><strong>αἰδοίοτατον</strong></span> <span class='ocrx_word' id='word_1_105' title='bbox 984 1779 1104 1876; x_wconf 75' lang='grc' dir='ltr'><strong>γερας.</strong></span> 
     </span>
    </p>

    <p class='ocr_par' dir='ltr' id='par_1_5' title="bbox 388 1849 1140 2055">
     <span class='ocr_line' id='line_1_15' title="bbox 388 1849 1129 1977; baseline -0.003 -49"><span class='ocrx_word' id='word_1_106' title='bbox 388 1857 428 1950; x_wconf 82' lang='grc' dir='ltr'><strong>β.</strong></span> <span class='ocrx_word' id='word_1_107' title='bbox 465 1855 623 1977; x_wconf 79' lang='grc' dir='ltr'><strong>ἄμειψεν</strong></span> <span class='ocrx_word' id='word_1_108' title='bbox 652 1852 712 1948; x_wconf 86' lang='grc' dir='ltr'>Ι</span> <span class='ocrx_word' id='word_1_109' title='bbox 686 1881 736 1926; x_wconf 91' lang='grc' dir='ltr'><em>αν</em></span> <span class='ocrx_word' id='word_1_110' title='bbox 760 1849 975 1975; x_wconf 42' lang='grc' dir='ltr'><strong>κοιλόπεᾷον</strong></span> <span class='ocrx_word' id='word_1_111' title='bbox 998 1849 1129 1935; x_wconf 79' lang='grc' dir='ltr'><em>νάπος.</em></span> 
     </span>
     <span class='ocr_line' id='line_1_16' title="bbox 465 1949 1176 2065; baseline -0.001 -38"><span class='ocrx_word' id='word_1_112' title='bbox 465 1949 637 2050; x_wconf 79' lang='grc' dir='ltr'><strong>μναμήι·</strong></span> <span class='ocrx_word' id='word_1_113' title='bbox 668 1952 718 2055; x_wconf 83' lang='grc'><strong>(’</strong></span> <span class='ocrx_word' id='word_1_114' title='bbox 703 1981 744 2028; x_wconf 81' lang='grc' dir='ltr'><em>εν</em></span> <span class='ocrx_word' id='word_1_115' title='bbox 767 1949 1043 2047; x_wconf 80' lang='grc' dir='ltr'><em>τεσσαράκοντα</em></span> <span class='ocrx_word' id='word_1_116' title='bbox 1067 1949 1176 2065; x_wconf 80' lang='lat' dir='ltr'><strong>peip.</strong></span> 
     </span>
    </p>

    <p class='ocr_par' dir='ltr' id='par_1_6' title="bbox 325 2051 1072 2330">
     <span class='ocr_line' id='line_1_17' title="bbox 325 2051 1036 2181; baseline -0.003 -52.799"><span class='ocrx_word' id='word_1_117' title='bbox 325 2082 426 2156; x_wconf 80' lang='lat' dir='ltr'><strong>y.</strong></span> <span class='ocrx_word' id='word_1_118' title='bbox 460 2051 658 2181; x_wconf 82' lang='grc' dir='ltr'><em>μαντήϊον·</em></span> <span class='ocrx_word' id='word_1_119' title='bbox 690 2082 743 2149; x_wconf 83' lang='grc' dir='ltr'><strong>τῳ</strong></span> <span class='ocrx_word' id='word_1_120' title='bbox 769 2051 1036 2146; x_wconf 74' lang='grc' dir='ltr'><strong>Λακεδαίμονι.</strong></span> 
     </span>
     <span class='ocr_line' id='line_1_18' title="bbox 466 2149 1081 2330; baseline 0.003 -103"><span class='ocrx_word' id='word_1_121' title='bbox 466 2149 623 2250; x_wconf 64' lang='grc' dir='ltr'><em>Καρνήϊ’</em></span> <span class='ocrx_word' id='word_1_122' title='bbox 650 2151 701 2248; x_wconf 93' lang='grc' dir='ltr'>Ι</span> <span class='ocrx_word' id='word_1_123' title='bbox 685 2182 726 2229; x_wconf 84' lang='grc' dir='ltr'><em>εν</em></span> <span class='ocrx_word' id='word_1_124' title='bbox 751 2153 852 2229; x_wconf 74' lang='grc' dir='ltr'><strong>δαιτὶ</strong></span> <span class='ocrx_word' id='word_1_125' title='bbox 877 2155 995 2330; x_wconf 62' lang='lat' dir='ltr'><strong>opple</strong></span> <span class='ocrx_word' id='word_1_126' title='bbox 945 2153 1081 2249; x_wconf 83' lang='grc' dir='ltr'><strong>ιζο.μεν</strong></span> 
     </span>
    </p>

    <p class='ocr_par' dir='ltr' id='par_1_7' title="bbox 392 2251 1237 2385">
     <span class='ocr_line' id='line_1_19' title="bbox 392 2251 1237 2385; baseline 0.002 -55"><span class='ocrx_word' id='word_1_127' title='bbox 392 2253 430 2330; x_wconf 73' lang='grc' dir='ltr'><strong>ι).</strong></span> <span class='ocrx_word' id='word_1_128' title='bbox 467 2257 672 2350; x_wconf 75' lang='grc' dir='ltr'><em>ῥανθεῖσαν</em></span> <span class='ocrx_word' id='word_1_129' title='bbox 701 2254 707 2358; x_wconf 81' lang='grc' dir='ltr'>Ι</span> <span class='ocrx_word' id='word_1_130' title='bbox 736 2251 876 2382; x_wconf 81' lang='grc' dir='ltr'><strong>κώμιον</strong></span> <span class='ocrx_word' id='word_1_131' title='bbox 972 2252 1237 2385; x_wconf 66' lang='lat' dir='ltr'><strong>uinopeuiptoow.</strong></span> 
     </span>
    </p>

    <p class='ocr_par' dir='ltr' id='par_1_8' title="bbox 340 2352 1257 2460">
     <span class='ocr_line' id='line_1_20' title="bbox 340 2352 1257 2460; baseline 0.003 -31"><span class='ocrx_word' id='word_1_132' title='bbox 340 2385 344 2392; x_wconf 88' lang='lat'><em>·</em></span> <span class='ocrx_word' id='word_1_133' title='bbox 467 2352 643 2459; x_wconf 67' lang='grc' dir='ltr'><em>γλῶσσαν</em></span> <span class='ocrx_word' id='word_1_134' title='bbox 667 2385 722 2431; x_wconf 76' lang='grc' dir='ltr'><strong>τι·</strong></span> <span class='ocrx_word' id='word_1_135' title='bbox 754 2352 934 2460; x_wconf 75' lang='grc' dir='ltr'><strong>(θάρσος</strong></span> <span class='ocrx_word' id='word_1_136' title='bbox 957 2387 1014 2432; x_wconf 82' lang='grc' dir='ltr'><strong>τε</strong></span> <span class='ocrx_word' id='word_1_137' title='bbox 1021 2356 1257 2458; x_wconf 79' lang='grc' dir='ltr'><em>τανύπτερος.</em></span> 
     </span>
    </p>
   </div>
   <div class='ocr_carea' id='block_1_4' title="bbox 283 2508 1406 4438">
    <p class='ocr_par' dir='ltr' id='par_1_9' title="bbox 283 2508 1406 4229">
     <span class='ocr_line' id='line_1_21' title="bbox 292 2508 1401 2609; baseline 0.005 -29"><span class='ocrx_word' id='word_1_138' title='bbox 292 2508 381 2602; x_wconf 74' lang='lat' dir='ltr'><strong>Quid</strong></span> <span class='ocrx_word' id='word_1_139' title='bbox 406 2511 503 2582; x_wconf 86' lang='lat' dir='ltr'><strong>enirn</strong></span> <span class='ocrx_word' id='word_1_140' title='bbox 518 2511 660 2583; x_wconf 91' lang='lat' dir='ltr'><strong>boot</strong></span> <span class='ocrx_word' id='word_1_141' title='bbox 609 2517 660 2582; x_wconf 90' lang='lat' dir='ltr'><strong>est</strong></span> <span class='ocrx_word' id='word_1_142' title='bbox 667 2509 792 2605; x_wconf 84' lang='lat' dir='ltr'><strong>,quod</strong></span> <span class='ocrx_word' id='word_1_143' title='bbox 818 2510 932 2607; x_wconf 88' lang='lat' dir='ltr'><strong>epioae</strong></span> <span class='ocrx_word' id='word_1_144' title='bbox 956 2512 1040 2584; x_wconf 89' lang='lat' dir='ltr'><strong>istae</strong></span> <span class='ocrx_word' id='word_1_145' title='bbox 1066 2512 1210 2604; x_wconf 82' lang='lat' dir='ltr'><strong>formae,</strong></span> <span class='ocrx_word' id='word_1_146' title='bbox 1239 2536 1260 2584; x_wconf 86' lang='lat' dir='ltr'><strong>a</strong></span> <span class='ocrx_word' id='word_1_147' title='bbox 1285 2511 1401 2609; x_wconf 84' lang='lat' dir='ltr'><strong>quibus</strong></span> 
     </span>
     <span class='ocr_line' id='line_1_22' title="bbox 291 2607 1402 2711; baseline 0.003 -29"><span class='ocrx_word' id='word_1_148' title='bbox 291 2611 450 2684; x_wconf 86' lang='lat' dir='ltr'><strong>abstinuit</strong></span> <span class='ocrx_word' id='word_1_149' title='bbox 467 2611 643 2704; x_wconf 83' lang='lat' dir='ltr'><strong>Pindarus,</strong></span> <span class='ocrx_word' id='word_1_150' title='bbox 670 2607 853 2707; x_wconf 84' lang='grc' dir='ltr'><em>μναμήϊα,</em></span> <span class='ocrx_word' id='word_1_151' title='bbox 878 2608 1073 2709; x_wconf 82' lang='grc' dir='ltr'><em>μαντηϊον,</em></span> <span class='ocrx_word' id='word_1_152' title='bbox 1097 2608 1280 2711; x_wconf 79' lang='grc' dir='ltr'><em>Καρνήϊα,</em></span> <span class='ocrx_word' id='word_1_153' title='bbox 1304 2615 1353 2688; x_wconf 90' lang='lat' dir='ltr'><strong>ita</strong></span> <span class='ocrx_word' id='word_1_154' title='bbox 1366 2614 1402 2685; x_wconf 89' lang='lat' dir='ltr'><strong>in</strong></span> 
     </span>
     <span class='ocr_line' id='line_1_23' title="bbox 291 2714 1403 2811; baseline 0.004 -27"><span class='ocrx_word' id='word_1_155' title='bbox 291 2714 356 2787; x_wconf 87' lang='lat' dir='ltr'><strong>boe</strong></span> <span class='ocrx_word' id='word_1_156' title='bbox 381 2715 524 2786; x_wconf 81' lang='lat' dir='ltr'><strong>carmine</strong></span> <span class='ocrx_word' id='word_1_157' title='bbox 551 2715 767 2811; x_wconf 83' lang='lat' dir='ltr'><strong>constipatae,</strong></span> <span class='ocrx_word' id='word_1_158' title='bbox 791 2723 831 2798; x_wconf 80' lang='lat' dir='ltr'><strong>et</strong></span> <span class='ocrx_word' id='word_1_159' title='bbox 854 2715 983 2811; x_wconf 81' lang='lat' dir='ltr'><strong>quibem</strong></span> <span class='ocrx_word' id='word_1_160' title='bbox 1002 2741 1114 2789; x_wconf 85' lang='lat' dir='ltr'><strong>ornnes</strong></span> <span class='ocrx_word' id='word_1_161' title='bbox 1129 2718 1163 2787; x_wconf 94' lang='lat' dir='ltr'><strong>in</strong></span> <span class='ocrx_word' id='word_1_162' title='bbox 1179 2715 1293 2788; x_wconf 90' lang='lat' dir='ltr'><strong>eodem</strong></span> <span class='ocrx_word' id='word_1_163' title='bbox 1313 2724 1403 2789; x_wconf 82' lang='lat' dir='ltr'><strong>etro·</strong></span> 
     </span>
     <span class='ocr_line' id='line_1_24' title="bbox 291 2811 1403 2942; baseline 0.001 -55"><span class='ocrx_word' id='word_1_164' title='bbox 291 2816 427 2911; x_wconf 83' lang='lat' dir='ltr'><strong>pharum</strong></span> <span class='ocrx_word' id='word_1_165' title='bbox 454 2817 530 2888; x_wconf 84' lang='lat' dir='ltr'><strong>loco</strong></span> <span class='ocrx_word' id='word_1_166' title='bbox 555 2817 684 2942; x_wconf 88' lang='lat' dir='ltr'><strong>positae</strong></span> <span class='ocrx_word' id='word_1_167' title='bbox 708 2811 945 2888; x_wconf 83' lang='lat' dir='ltr'><strong>inueniuntur?</strong></span> <span class='ocrx_word' id='word_1_168' title='bbox 994 2817 1042 2890; x_wconf 88' lang='lat' dir='ltr'><strong>Et</strong></span> <span class='ocrx_word' id='word_1_169' title='bbox 1069 2843 1100 2888; x_wconf 90' lang='lat' dir='ltr'><strong>v.</strong></span> <span class='ocrx_word' id='word_1_170' title='bbox 1126 2819 1189 2891; x_wconf 89' lang='grc'><strong>49.</strong></span> <span class='ocrx_word' id='word_1_171' title='bbox 1205 2818 1301 2915; x_wconf 88' lang='grc'><strong>(64.)</strong></span> <span class='ocrx_word' id='word_1_172' title='bbox 1328 2818 1403 2914; x_wconf 87' lang='lat' dir='ltr'><strong>qui-</strong></span> 
     </span>
     <span class='ocr_line' id='line_1_25' title="bbox 294 2912 1404 3016; baseline 0.003 -29"><span class='ocrx_word' id='word_1_173' title='bbox 294 2916 367 2988; x_wconf 88' lang='lat' dir='ltr'><strong>dem</strong></span> <span class='ocrx_word' id='word_1_174' title='bbox 391 2917 468 2986; x_wconf 89' lang='lat' dir='ltr'><strong>libri</strong></span> <span class='ocrx_word' id='word_1_175' title='bbox 493 2912 684 3012; x_wconf 84' lang='grc' dir='ltr'><em>μναμήϊον</em></span> <span class='ocrx_word' id='word_1_176' title='bbox 709 2927 743 2988; x_wconf 86' lang='grc' dir='ltr'><strong>οι</strong></span> <span class='ocrx_word' id='word_1_177' title='bbox 762 2912 949 3012; x_wconf 59' lang='lat' dir='ltr'><strong>poenite:</strong></span> <span class='ocrx_word' id='word_1_178' title='bbox 977 2918 1063 3012; x_wconf 83' lang='lat' dir='ltr'><strong>quo‘d</strong></span> <span class='ocrx_word' id='word_1_179' title='bbox 1076 2919 1226 3015; x_wconf 81' lang='lat' dir='ltr'><strong>profecto</strong></span> <span class='ocrx_word' id='word_1_180' title='bbox 1243 2944 1307 2990; x_wconf 92' lang='lat' dir='ltr'><strong>non</strong></span> <span class='ocrx_word' id='word_1_181' title='bbox 1325 2928 1404 3016; x_wconf 88' lang='lat' dir='ltr'><strong>pot·</strong></span> 
     </span>
     <span class='ocr_line' id='line_1_26' title="bbox 294 3017 1405 3114; baseline 0.004 -27"><span class='ocrx_word' id='word_1_182' title='bbox 294 3025 347 3088; x_wconf 90' lang='lat' dir='ltr'><strong>est</strong></span> <span class='ocrx_word' id='word_1_183' title='bbox 370 3017 499 3089; x_wconf 85' lang='lat' dir='ltr'><strong>Dorico</strong></span> <span class='ocrx_word' id='word_1_184' title='bbox 523 3019 589 3090; x_wconf 86' lang='lat' dir='ltr'><strong>isto</strong></span> <span class='ocrx_word' id='word_1_185' title='bbox 616 3024 763 3114; x_wconf 83' lang='grc' dir='ltr'><em>οαμῇον</em></span> <span class='ocrx_word' id='word_1_186' title='bbox 786 3017 989 3114; x_wconf 72' lang='lat' dir='ltr'><strong>Pptbagorei</strong></span> <span class='ocrx_word' id='word_1_187' title='bbox 1014 3019 1181 3090; x_wconf 79' lang='lat' dir='ltr'><strong>cuiusdam</strong></span> <span class='ocrx_word' id='word_1_188' title='bbox 1206 3043 1226 3088; x_wconf 88' lang='lat' dir='ltr'><strong>a</strong></span> <span class='ocrx_word' id='word_1_189' title='bbox 1249 3019 1405 3092; x_wconf 87' lang='lat' dir='ltr'><strong>Maittai·</strong></span> 
     </span>
     <span class='ocr_line' id='line_1_27' title="bbox 294 3108 1406 3241; baseline 0.005 -53"><span class='ocrx_word' id='word_1_190' title='bbox 294 3119 346 3241; x_wconf 81' lang='lat' dir='ltr'><strong>rip</strong></span> <span class='ocrx_word' id='word_1_191' title='bbox 371 3121 542 3191; x_wconf 87' lang='lat' dir='ltr'><strong>memorati</strong></span> <span class='ocrx_word' id='word_1_192' title='bbox 569 3119 711 3192; x_wconf 80' lang='lat' dir='ltr'><strong>delendi.</strong></span> <span class='ocrx_word' id='word_1_193' title='bbox 762 3108 951 3189; x_wconf 82' lang='lat' dir='ltr'><strong>Deindev.</strong></span> <span class='ocrx_word' id='word_1_194' title='bbox 977 3120 1039 3194; x_wconf 88' lang='grc'><strong>69.</strong></span> <span class='ocrx_word' id='word_1_195' title='bbox 1068 3121 1165 3212; x_wconf 86' lang='grc'><strong>(92.)</strong></span> <span class='ocrx_word' id='word_1_196' title='bbox 1197 3119 1275 3190; x_wconf 93' lang='lat' dir='ltr'><strong>libri</strong></span> <span class='ocrx_word' id='word_1_197' title='bbox 1305 3146 1406 3214; x_wconf 85' lang='grc' dir='ltr'><em>μαν-</em></span> 
     </span>
     <span class='ocr_line' id='line_1_28' title="bbox 294 3209 1403 3373; baseline 0.005 -81"><span class='ocrx_word' id='word_1_198' title='bbox 294 3215 416 3313; x_wconf 81' lang='grc' dir='ltr'><em>τήϊον·</em></span> <span class='ocrx_word' id='word_1_199' title='bbox 451 3247 504 3316; x_wconf 83' lang='grc' dir='ltr'><strong>τῳ</strong></span> <span class='ocrx_word' id='word_1_200' title='bbox 529 3249 592 3295; x_wconf 86' lang='grc' dir='ltr'><strong>και</strong></span> <span class='ocrx_word' id='word_1_201' title='bbox 580 3209 911 3313; x_wconf 75' lang='grc' dir='ltr'><strong>Λακεδαίμονι.</strong></span> <span class='ocrx_word' id='word_1_202' title='bbox 944 3219 1135 3373; x_wconf 71' lang='lat' dir='ltr'><strong>Deniquep</strong></span> <span class='ocrx_word' id='word_1_203' title='bbox 1131 3246 1163 3292; x_wconf 86' lang='lat' dir='ltr'><strong>v.</strong></span> <span class='ocrx_word' id='word_1_204' title='bbox 1189 3223 1252 3294; x_wconf 90' lang='grc'><strong>89.</strong></span> <span class='ocrx_word' id='word_1_205' title='bbox 1276 3222 1403 3322; x_wconf 86' lang='grc'><strong>(196)</strong></span> 
     </span>
     <span class='ocr_line' id='line_1_29' title="bbox 294 3316 1405 3422; baseline 0.003 -30"><span class='ocrx_word' id='word_1_206' title='bbox 294 3321 329 3394; x_wconf 92' lang='lat' dir='ltr'><strong>iu</strong></span> <span class='ocrx_word' id='word_1_207' title='bbox 355 3321 449 3393; x_wconf 88' lang='lat' dir='ltr'><strong>libris</strong></span> <span class='ocrx_word' id='word_1_208' title='bbox 475 3331 526 3395; x_wconf 86' lang='lat' dir='ltr'><strong>est</strong></span> <span class='ocrx_word' id='word_1_209' title='bbox 550 3326 724 3419; x_wconf 77' lang='lat' dir='ltr'><strong>Karpasia.</strong></span> <span class='ocrx_word' id='word_1_210' title='bbox 776 3320 864 3413; x_wconf 75' lang='lat' dir='ltr'><strong>Quid</strong></span> <span class='ocrx_word' id='word_1_211' title='bbox 892 3323 997 3395; x_wconf 89' lang='lat' dir='ltr'><strong>verbis</strong></span> <span class='ocrx_word' id='word_1_212' title='bbox 1024 3316 1135 3420; x_wconf 83' lang='lat' dir='ltr'><strong>opus?</strong></span> <span class='ocrx_word' id='word_1_213' title='bbox 1181 3320 1273 3396; x_wconf 87' lang='lat' dir='ltr'><strong>Satis</strong></span> <span class='ocrx_word' id='word_1_214' title='bbox 1300 3347 1405 3422; x_wconf 86' lang='lat' dir='ltr'><strong>appa-</strong></span> 
     </span>
     <span class='ocr_line' id='line_1_30' title="bbox 296 3423 1405 3522; baseline 0.001 -27"><span class='ocrx_word' id='word_1_215' title='bbox 296 3447 370 3495; x_wconf 89' lang='lat' dir='ltr'><strong>rere</strong></span> <span class='ocrx_word' id='word_1_216' title='bbox 386 3424 540 3520; x_wconf 84' lang='lat' dir='ltr'><strong>arbitror,</strong></span> <span class='ocrx_word' id='word_1_217' title='bbox 568 3427 735 3514; x_wconf 85' lang='lat' dir='ltr'><strong>nretricos,</strong></span> <span class='ocrx_word' id='word_1_218' title='bbox 758 3423 844 3520; x_wconf 86' lang='lat' dir='ltr'><strong>quod</strong></span> <span class='ocrx_word' id='word_1_219' title='bbox 863 3425 1060 3498; x_wconf 79' lang='lat' dir='ltr'><strong>musicorum</strong></span> <span class='ocrx_word' id='word_1_220' title='bbox 1075 3449 1280 3497; x_wconf 88' lang='lat' dir='ltr'><strong>numerorum</strong></span> <span class='ocrx_word' id='word_1_221' title='bbox 1295 3425 1405 3522; x_wconf 78' lang='lat' dir='ltr'><strong>ignari</strong></span> 
     </span>
     <span class='ocr_line' id='line_1_31' title="bbox 297 3525 1406 3624; baseline 0.002 -28"><span class='ocrx_word' id='word_1_222' title='bbox 297 3534 427 3618; x_wconf 86' lang='lat' dir='ltr'><strong>essent,</strong></span> <span class='ocrx_word' id='word_1_223' title='bbox 463 3537 636 3624; x_wconf 84' lang='lat' dir='ltr'><strong>uteunque</strong></span> <span class='ocrx_word' id='word_1_224' title='bbox 669 3526 860 3598; x_wconf 80' lang='lat' dir='ltr'><strong>satisfacere</strong></span> <span class='ocrx_word' id='word_1_225' title='bbox 885 3534 989 3598; x_wconf 87' lang='lat' dir='ltr'><strong>metro</strong></span> <span class='ocrx_word' id='word_1_226' title='bbox 1016 3528 1174 3599; x_wconf 87' lang='lat' dir='ltr'><strong>voluisse.</strong></span> <span class='ocrx_word' id='word_1_227' title='bbox 1224 3525 1406 3600; x_wconf 85' lang='lat' dir='ltr'><strong>Euanesoit</strong></span> 
     </span>
     <span class='ocr_line' id='line_1_32' title="bbox 299 3628 1405 3719; baseline 0.002 -21"><span class='ocrx_word' id='word_1_228' title='bbox 299 3628 403 3700; x_wconf 83' lang='lat' dir='ltr'><strong>omnis</strong></span> <span class='ocrx_word' id='word_1_229' title='bbox 430 3629 674 3719; x_wconf 84' lang='lat' dir='ltr'><strong>difficultas,</strong></span> <span class='ocrx_word' id='word_1_230' title='bbox 647 3653 676 3700; x_wconf 84' lang='lat' dir='ltr'><strong>su</strong></span> <span class='ocrx_word' id='word_1_231' title='bbox 701 3628 872 3700; x_wconf 86' lang='lat' dir='ltr'><strong>incisionis</strong></span> <span class='ocrx_word' id='word_1_232' title='bbox 899 3631 1084 3701; x_wconf 83' lang='lat' dir='ltr'><strong>constantia</strong></span> <span class='ocrx_word' id='word_1_233' title='bbox 1109 3629 1224 3700; x_wconf 91' lang='lat' dir='ltr'><strong>moniti</strong></span> <span class='ocrx_word' id='word_1_234' title='bbox 1244 3630 1405 3702; x_wconf 78' lang='lat' dir='ltr'><strong>illustres</strong></span> 
     </span>
     <span class='ocr_line' id='line_1_33' title="bbox 298 3729 1404 3823; baseline 0.005 -25"><span class='ocrx_word' id='word_1_235' title='bbox 298 3729 440 3823; x_wconf 75' lang='lat' dir='ltr'><strong>syllabas</strong></span> <span class='ocrx_word' id='word_1_236' title='bbox 455 3731 629 3821; x_wconf 85' lang='lat' dir='ltr'><strong>eredimus,</strong></span> <span class='ocrx_word' id='word_1_237' title='bbox 657 3731 809 3802; x_wconf 90' lang='lat' dir='ltr'><strong>similiter</strong></span> <span class='ocrx_word' id='word_1_238' title='bbox 825 3739 860 3800; x_wconf 93' lang='lat' dir='ltr'><strong>ut</strong></span> <span class='ocrx_word' id='word_1_239' title='bbox 877 3732 1066 3802; x_wconf 85' lang='lat' dir='ltr'><strong>troebaeum</strong></span> <span class='ocrx_word' id='word_1_240' title='bbox 1083 3740 1276 3822; x_wconf 83' lang='lat' dir='ltr'><strong>sementum,</strong></span> <span class='ocrx_word' id='word_1_241' title='bbox 1302 3731 1404 3804; x_wconf 91' lang='lat' dir='ltr'><strong>ruulto</strong></span> 
     </span>
     <span class='ocr_line' id='line_1_34' title="bbox 283 3830 1406 3927; baseline 0.002 -25"><span class='ocrx_word' id='word_1_242' title='bbox 283 3831 443 3902; x_wconf 42' lang='lat' dir='ltr'><strong>*mediore</strong></span> <span class='ocrx_word' id='word_1_243' title='bbox 477 3833 576 3903; x_wconf 76' lang='lat' dir='ltr'><strong>‹luetu</strong></span> <span class='ocrx_word' id='word_1_244' title='bbox 609 3839 755 3902; x_wconf 87' lang='lat' dir='ltr'><strong>cantatas</strong></span> <span class='ocrx_word' id='word_1_245' title='bbox 788 3832 988 3927; x_wconf 85' lang='lat' dir='ltr'><strong>singularem</strong></span> <span class='ocrx_word' id='word_1_246' title='bbox 1014 3856 1146 3904; x_wconf 83' lang='lat' dir='ltr'><strong>versum</strong></span> <span class='ocrx_word' id='word_1_247' title='bbox 1177 3833 1292 3904; x_wconf 84' lang='lat' dir='ltr'><strong>fuisse.</strong></span> <span class='ocrx_word' id='word_1_248' title='bbox 1344 3830 1406 3905; x_wconf 88' lang='lat' dir='ltr'><strong>Sio</strong></span> 
     </span>
     <span class='ocr_line' id='line_1_35' title="bbox 299 3935 1405 4029; baseline 0.002 -27"><span class='ocrx_word' id='word_1_249' title='bbox 299 3940 334 4003; x_wconf 90' lang='lat' dir='ltr'><strong>et</strong></span> <span class='ocrx_word' id='word_1_250' title='bbox 358 3937 542 4026; x_wconf 81' lang='grc' dir='ltr'><em>μναμιῖον</em></span> <span class='ocrx_word' id='word_1_251' title='bbox 575 3941 608 4003; x_wconf 88' lang='lat' dir='ltr'><strong>et</strong></span> <span class='ocrx_word' id='word_1_252' title='bbox 639 3936 816 4022; x_wconf 82' lang='grc' dir='ltr'><em>μαντεῖον</em></span> <span class='ocrx_word' id='word_1_253' title='bbox 849 3941 882 4005; x_wconf 93' lang='lat' dir='ltr'><strong>et</strong></span> <span class='ocrx_word' id='word_1_254' title='bbox 906 3937 1089 4029; x_wconf 71' lang='lat' dir='ltr'><strong>Koroneia,</strong></span> <span class='ocrx_word' id='word_1_255' title='bbox 1129 3935 1235 4007; x_wconf 84' lang='lat' dir='ltr'><strong>iustae</strong></span> <span class='ocrx_word' id='word_1_256' title='bbox 1267 3936 1405 4023; x_wconf 84' lang='lat' dir='ltr'><strong>l&#39;orruae,</strong></span> 
     </span>
     <span class='ocr_line' id='line_1_36' title="bbox 297 4032 1406 4133; baseline 0.005 -31"><span class='ocrx_word' id='word_1_257' title='bbox 297 4034 512 4104; x_wconf 85' lang='lat' dir='ltr'><strong>restituentur</strong></span> <span class='ocrx_word' id='word_1_258' title='bbox 536 4032 702 4125; x_wconf 89' lang='lat' dir='ltr'><strong>Pindaro,</strong></span> <span class='ocrx_word' id='word_1_259' title='bbox 721 4035 896 4133; x_wconf 85' lang='lat' dir='ltr'><strong>simulque</strong></span> <span class='ocrx_word' id='word_1_260' title='bbox 922 4037 1068 4132; x_wconf 87' lang='lat' dir='ltr'><strong>patebit,</strong></span> <span class='ocrx_word' id='word_1_261' title='bbox 1094 4037 1244 4132; x_wconf 87' lang='lat' dir='ltr'><strong>quoniam</strong></span> <span class='ocrx_word' id='word_1_262' title='bbox 1271 4036 1321 4109; x_wconf 87' lang='lat' dir='ltr'><strong>sio</strong></span> <span class='ocrx_word' id='word_1_263' title='bbox 1345 4059 1406 4107; x_wconf 88' lang='lat' dir='ltr'><strong>an-</strong></span> 
     </span>
     <span class='ocr_line' id='line_1_37' title="bbox 298 4134 868 4229; baseline 0.004 -24"><span class='ocrx_word' id='word_1_264' title='bbox 298 4157 378 4229; x_wconf 79' lang='lat' dir='ltr'><strong>ceps</strong></span> <span class='ocrx_word' id='word_1_265' title='bbox 404 4141 456 4205; x_wconf 89' lang='lat' dir='ltr'><strong>est</strong></span> <span class='ocrx_word' id='word_1_266' title='bbox 480 4134 606 4228; x_wconf 88' lang='lat' dir='ltr'><strong>ultima,</strong></span> <span class='ocrx_word' id='word_1_267' title='bbox 632 4143 723 4207; x_wconf 88' lang='lat' dir='ltr'><strong>reete</strong></span> <span class='ocrx_word' id='word_1_268' title='bbox 748 4136 868 4208; x_wconf 71' lang='lat' dir='ltr'><strong>scribi:</strong></span> 
     </span>
    </p>

    <p class='ocr_par' dir='ltr' id='par_1_10' title="bbox 599 4239 782 4331">
     <span class='ocr_line' id='line_1_38' title="bbox 599 4239 782 4331; baseline -0.022 -19"><span class='ocrx_word' id='word_1_269' title='bbox 599 4239 782 4331; x_wconf 81' lang='grc' dir='ltr'><em>μναμιῒα·</em></span> 
     </span>
    </p>

    <p class='ocr_par' dir='ltr' id='par_1_11' title="bbox 600 4332 1047 4438">
     <span class='ocr_line' id='line_1_39' title="bbox 600 4332 1047 4438; baseline -0.007 -26"><span class='ocrx_word' id='word_1_270' title='bbox 600 4341 641 4414; x_wconf 77' lang='grc' dir='ltr'><em>ἐν</em></span> <span class='ocrx_word' id='word_1_271' title='bbox 665 4332 939 4438; x_wconf 78' lang='grc' dir='ltr'><em>τεσσαράκοντα</em></span> <span class='ocrx_word' id='word_1_272' title='bbox 962 4333 1047 4436; x_wconf 78' lang='grc' dir='ltr'><strong>γάρ.</strong></span> 
     </span>
    </p>
   </div>
   <div class='ocr_carea' id='block_1_5' title="bbox 0 0 1561 5050">
    <p class='ocr_par' dir='ltr' id='par_1_12' title="bbox 0 0 1561 5050">
     <span class='ocr_line' id='line_1_40' title="bbox 0 0 1561 5050; baseline 0 0"><span class='ocrx_word' id='word_1_273' title='bbox 0 0 1561 5050; x_wconf 95' lang='lat' dir='ltr'><strong> </strong></span> 
     </span>
    </p>
   </div>
  </div>
 </body>
</html>
