3086 5050
112 323 115 336 ι
196 393 198 408 “
293 385 359 458 856
567 381 1133 450 muuscmlrsruuusrustua

238 610 245 619 -
293 557 410 655 Neque
436 577 500 648 ego
526 555 598 628 eius
622 553 820 626 mentionem
846 551 1002 645 lacerem,
1028 551 1097 626 uisi
1123 575 1255 624 vererer
1275 577 1319 626 ne
1337 553 1413 651 quis

295 659 491 734 auctoritate
517 657 601 729 tanti
626 656 690 728 uiri
714 655 840 752 inponi
861 656 923 726 sihi
941 662 1122 752 patoretur.
1164 651 1417 752 SuripuitPhi-

293 763 453 836 lostratus
485 759 526 830 de
561 759 628 831 rita
649 753 832 854 'Apollonii
858 755 965 828 Vlll.
991 761 1029 848 7,
1064 759 1124 836 lu.
1157 775 1192 852 p·
1219 759 1308 832 352.
1342 757 1418 832 οὐκ

294 863 453 959 ἄχθεται
478 857 520 934 δὲ
547 857 634 934 οὐδὲ
661 856 794 940 ὄΖιὺς
819 853 969 934 ἀκούων
992 857 1057 934 καὶ
1073 864 1193 932 ταῦτα
1209 865 1290 934 τῶν
1305 887 1418 954 ποιη-

293 973 373 1038 τῶν
397 968 440 1039 ἐν
455 965 541 1044 τοῖς
564 959 721 1044 Λυκίοις
745 955 879 1062 λόγοις,

383 1179 384 1184 ,
447 1113 567 1209 ὤμοι
593 1106 703 1216 ἐγών,
737 1109 796 1187 ὅτε
821 1137 885 1206 μοι
911 1105 1158 1209 Σαρπηδόνα,

296 1265 360 1342 καὶ
384 1264 526 1342 τοιαῦτ’
556 1266 593 1347 ἐς
618 1261 735 1344 αὐτὸν
761 1259 945 1358 ᾀδόντων,
971 1265 1012 1336 ἐν
1038 1259 1094 1347 οἷς
1118 1267 1187 1338 τοῦ
1210 1259 1317 1344 υἶόως
1342 1257 1420 1344 ἐξίῃ

297 1367 464 1444 στασθαί
489 1390 580 1464 φησι
603 1370 685 1447 ταῖς
710 1365 875 1461 μοίραις,
911 1361 1097 1464 λεγόντων
1129 1393 1169 1438 τε
1195 1357 1245 1438 αὖ
1269 1367 1312 1437 ἐν
1336 1382 1417 1457 ψω-

294 1467 495 1568 χοστασίᾳ,
533 1465 589 1541 ότι
616 1465 751 1549 Μίνως
781 1465 850 1540 τὸν
880 1463 1046 1563 ἀδελφὸν
1070 1473 1140 1542 τοῦ
1166 1461 1419 1561 Σαρπηδόνος

297 1568 545 1647 ἀποθανόντα
568 1567 721 1666 1χρυσέῳ
754 1566 825 1658 μὲν
849 1563 1022 1665 σκήπτρῳ
1047 1567 1193 1664 ἐτίμησε
1218 1565 1281 1641 καὶ
1308 1561 1418 1641 ‹lexui-

299 1671 376 1763 ζειν
406 1674 531 1756 ἔταξεν
564 1674 605 1746 ἐν
636 1677 681 1766 τῇ
707 1668 906 1752 Αλόωνὲως
937 1669 1077 1770 ἀγορᾷ,
1114 1675 1276 1765 Μοιρῶν
1302 1667 1339 1742 d'
1371 1666 1418 1741 uti

202 1841 207 1862 ,
298 1771 548 1872 παρῃτήσατο.
614 1772 710 1845 Haeo
742 1797 840 1868 quum
872 1773 1043 1844 uerissime
1081 1772 1223 1844 dixisset
1257 1768 1417 1844 Olennius

299 1878 340 1951 ad
375 1878 547 1972 Odysseae
572 1873 643 1945 XI.
673 1897 703 1946 ι.
731 1877 819 1949 568.
851 1897 944 1970 seqq.
977 1883 1151 1971 spectare,
1186 1872 1309 1944 tuetur
1342 1873 1417 1968 qui-
1531 1963 1532 1966 Ἴ

299 1980 372 2052 dern
399 1977 669 2050 Hennsterhnsius
692 1977 726 2047 in
753 1975 909 2047 Hernicis
934 1975 1131 2047 Philostrati
1157 2000 1189 2048 e.
1214 1973 1326 2046 XIX.
1356 1977 1417 2047 12.

299 2079 447 2150 ultimum
463 2076 634 2173 Odysseae
661 2078 778 2146 lihrurn
805 2073 983 2172 όιυτίραν
1005 2073 1265 2171 Ψυχοστασίαν
1292 2076 1415 2166 uocari,

300 2189 337 2252 ut
362 2178 553 2250 undecimus
579 2185 669 2250 recte
694 2173 717 2272 ἦ
743 2177 901 2274 προτίρα
929 2177 1032 2249 uideri
1064 2181 1191 2276 possit,
1226 2177 1284 2250 sed
1312 2177 1416 2248 nihilo

253 2277 407 2354 ldminus
434 2279 602 2352 contendit
627 2279 668 2350 de
687 2280 846 2375 Aeschyli
860 2279 1096 2375 Pspehostasia
1122 2279 1419 2377 loquiPhilostra·

300 2393 391 2474 mun,
424 2381 513 2477 quod
538 2390 671 2478 praeter
695 2402 828 2453 aureum
861 2390 1026 2480 sceptrum
1051 2382 1134 2454 nihil
1160 2407 1293 2474 eorum,
1335 2400 1418 2478 quae

300 2470 527 2556 Philostratus
559 2483 698 2572 haheat,
734 2484 768 2554 in
801 2491 872 2557 tuta
898 2483 1051 2578 Odyssea
1082 2485 1281 2581 repreriutur.
1342 2481 1420 2556 Nun

167 2595 173 2610 “
294 2577 464 2682 'cogitauit
494 2586 546 2655 uir
579 2586 754 2678 egregius,
796 2609 879 2680 quae
911 2595 1079 2682 postrema
1110 2595 1187 2658 sunt
1219 2585 1420 2659 Philostrati

301 2690 416 2777 turha,
443 2691 605 2779 Μοιρῶν
631 2684 667 2760 d²
689 2687 734 2760 οό
748 2683 997 2782 παρῃτήσατο,
1023 2688 1128 2783 ipsius
1147 2689 1318 2762 continere
1336 2687 1421 2758 Phi-

302 2789 435 2861 lostrati
463 2790 670 2877 sententiam,
697 2789 761 2860 lron
779 2790 932 2882 dicentis,
959 2790 1116 2862 honorem
1135 2790 1290 2862 hahuisse
1306 2788 1420 2862 loven
1533 2819 1534 2828 ¹

304 2890 415 2962 Minoi
448 2890 624 2963 seeundum
654 2889 834 2962 Homerum
868 2893 952 2987 upurd
986 2891 1131 2982 inieras,
1167 2892 1226 2962 sed
1255 2891 1419 2987 impedire

178 3063 185 3074 ,
304 3001 413 3064 tannen
441 3017 481 3064 ne
508 2993 566 3063 ille
593 2983 633 3062 ad
660 2992 784 3062 inlusos
811 2994 998 3087 perveniret
1023 3018 1088 3064 non
1116 2995 1280 3089 potuisse.

407 3091 559 3164 Tertiam
586 3093 739 3184 trilogiue
766 3094 907 3164 lahulnnn
934 3117 1033 3191 sopra
1052 3096 1120 3165 dixi
1139 3096 1172 3165 in
1193 3095 1282 3166 obitu
1297 3093 1420 3166 Achil·

183 3205 187 3214 '
305 3195 349 3266 lis
376 3194 479 3265 videri
513 3217 586 3264 esse
613 3204 794 3298 vorsatapn,
836 3197 956 3267 nesi-iri
984 3207 1090 3267 autern
1126 3197 1211 3292 qnod
1244 3197 1274 3269 ei
1299 3219 1421 3268 nomen

189 3333 192 3340 ·
305 3295 419 3370 fuerit.
452 3294 586 3391 *Neque
611 3296 643 3366 id
673 3298 800 3368 rnirnrn.
851 3295 934 3368 Naro
968 3321 1072 3392 neque
1095 3297 1419 3390 index-fahnlarurn‚

307 3398 423 3495 quiin
451 3398 640 3493 quihusdarn
668 3399 836 3470 codicibus
862 3401 1038 3488 inuenitur,
1067 3402 1208 3472 omnium
1236 3400 1335 3470 hahet
1360 3423 1420 3472 nu·

307 3501 414 3591 mina,
449 3525 553 3598 neque
579 3501 666 3570 inter
692 3523 766 3589 eus,
802 3525 936 3596 (pharum
963 3501 1095 3573 aliunde
1121 3501 1308 3597 aceepirnus
1325 3501 1420 3572 nuuti-

308 3603 400 3690 tiarn,
428 3603 497 3672 ulla
523 3611 586 3690 est,
613 3626 707 3697 quanin
735 3609 792 3673 aut
817 3627 932 3674 nornen
961 3597 1421 3700 aut'hagrnentaadiungen-

302 3701 489 3773 'darn'essu
523 3703 775 3798 Psychostasiae
809 3703 974 3794 indicent,
1016 3729 1121 3799 neque
1153 3705 1356 3776 Aristoteles
1387 3704 1421 3776 iu

234 3881 239 3903 ‚
309 3804 393 3880 Arte
426 3805 556 3900 poetica
590 3829 620 3875 c.
647 3804 797 3906 xxm.
824 3809 859 3879 7.
894 3806 1024 3877 uhi'ex
1058 3807 1255 3878 ranuninihus
1290 3805 1421 3904 Cypria

310 3915 345 3976 et
372 3929 472 4001 parra
497 3904 604 3976 Iliade
631 3907 748 3978 rnrrltas
776 3907 880 3979 lautas
907 3931 980 3979 osse
1007 3909 1195 4002 tragoedias
1222 3907 1324 3998 dicit,
1359 3907 1423 3977 aliu

266 4049 272 4060 »
310 4007 423 4102 posuit
449 4007 598 4095 nonina,
636 4030 730 4103 quarn
764 4032 847 4103 qnae
881 4010 919 4079 ad
948 4035 1001 4080 res
1028 4019 1104 4106 post
1131 4010 1252 4081 ahilurn
1279 4008 1423 4082 Achillis

312 4115 404 4178 actas
431 4107 627 4201 pertineant.
679 4107 767 4181 Sunt
787 4119 892 4180 autern
914 4111 1011 4182 liaeo:
1036 4109 1188 4186 Ὅπλων
1202 4107 1335 4204 κρίσις,
1354 4113 1425 4179 Φι-

308 4203 496 4302 λοκτήτης,
524 4204 784 4304 Νεοπτόλεμος,
815 4206 1039 4302 Εὐρύπυλος,
1071 4211 1253 4306 Πτωχεία,
1278 4207 1426 4284 Λάκαι-

302 4336 397 4394 ναι,
416 4307 525 4382 Ἰλίου
549 4306 692 4402 πόροις,
712 4307 940 4401 ιἈπόπλους,
967 4313 1108 4404 Σίνων,
1139 4309 1320 4409 ’λ’ρῳόόις.
1371 4311 1426 4381 Ae

293 4410 566 4506 'potuerunt-his
592 4414 691 4484 aliurn
717 4414 800 4484 addi
819 4416 916 4507 aliae,
943 4424 980 4486 ut
1004 4415 1120 4512 Epeos
1137 4415 1324 4512 Euripidis.
1357 4411 1425 4505 Qui
