3086 5050
196 349 217 378 ⁸
306 425 312 450 κ
409 385 978 470 unuureunooto'onuurnoo
1182 403 1256 473 roo

133 567 557 676 amanuensem
576 543 1093 677 manummerias
1144 573 1249 652 vsu.
1394 571 1398 586 ·

28 724 49 758 „
89 757 91 770 Ι
135 685 272 749 rores
295 675 372 747 roso
398 683 495 750 aaa
526 677 615 749 ooo
635 674 814 773 praebens
851 681 948 751 u2·
980 679 1156 775 mermi
1183 702 1248 776 ΡΜ
1308 718 1315 731 ·

133 779 272 874 uulgato
294 799 341 852 m
392 795 522 867 emeret
546 802 580 850 u.
604 780 644 851 3.
667 797 713 852 ex
737 777 897 858 librorum
922 779 1096 876 seripturis
1117 779 1250 853 ridetur

132 879 292 977 prudiro‘
346 879 572 954 ,Planasiam
632 875 675 978 In
708 879 785 952 eod.
816 879 954 954 Moneo.
986 882 1038 954 sie
1068 881 1247 978 scriptume

132 983 301 1056 Murcus
351 982 485 1054 lemme
509 983 569 1056 M:
588 983 713 1055 eletos
737 982 868 1054 ialam
887 994 1099 1079 mneneete
1117 985 1249 1058 oriun-

132 1079 231 1169 ὤας
258 1083 299 1154 in
312 1005 551 1180 bambergensi
569 1083 759 1186 plaetorius
782 1107 945 1157 marens
963 1086 1114 1158 cluetae
1134 1087 1250 1159 auaro

56 1238 60 1249 ·
133 1207 217 1260 esee
239 1181 442 1258 monades.
500 1181 543 1258 In
574 1185 681 1281 primo
715 1207 813 1256 remu
843 1179 1017 1258 Bentleius
1048 1186 1085 1258 in
1117 1185 1249 1284 Quor.

133 1274 1107 1386 ps·519.sousebatda·gnbdtgom’loeopiotoru.
1158 1287 1250 1362 Cae·-
1324 1329 1327 1338 =
1434 1285 1444 1294 ’

133 1399 206 1462 tera
231 1388 288 1486 qui
313 1388 486 1460 emendare
512 1388 621 1460 eonati
648 1397 737 1480 sunt,
764 1388 839 1460 dom
864 1389 899 1460 in
921 1389 994 1461 sobo
1013 1390 1249 1487 epigrammate
1305 1425 1322 1474 χ
1458 1453 1463 1461 .

132 1490 331 1582 haerebant,
367 1490 588 1586 neglexemut
611 1488 716 1562 Plinii
735 1489 849 1584 uerba
874 1490 1098 1564 considerare.
1148 1491 1249 1564 Alio·

71 1613 77 1622 ’
134 1593 191 1689 qui
213 1584 395 1682 uidissent,
431 1601 468 1662 ut
492 1615 554 1663 neo
579 1615 696 1664 nomen
728 1591 868 1688 pictoris
894 1615 956 1686 uae
989 1592 1082 1665 euius
1107 1593 1167 1666 ilio
1193 1585 1317 1668 deilti'

132 1691 290 1792 templum
315 1692 463 1790 pinxerit
485 1692 663 1764 iudicatum
691 1717 710 1762 a
735 1691 848 1765 Plinio
874 1703 944 1782 est,
985 1693 1089 1790 qood,
1104 1693 1188 1766 baee
1212 1695 1249 1772 iu

132 1795 208 1892 ipso
234 1796 468 1892 epigrammate
487 1795 618 1890 -scu'pta
640 1803 763 1885 esseut,
790 1794 840 1867 sio
853 1794 965 1886 etiam,
992 1819 1088 1891 quum
1106 1797 1249 1892 patriam

132 1896 275 1970 bominis
307 1896 440 1969 silentio
472 1888 701 1993 praeterierit,
743 1895 828 1968 bano
864 1920 994 1992 quoque
1027 1896 1180 1971 debuisse
1211 1898 1249 1972 in

132 1997 283 2071 uersibus
308 1998 377 2069 illis
403 2021 477 2070 esse
503 1997 713 2088 nominatam,
740 1996 839 2094 idque
861 2021 901 2070 eo
920 1998 1038 2094 magis,
1066 1999 1152 2096 quod
1171 2024 1249 2071 uer·

132 2123 190 2172 sus
215 2101 294 2172 illos
325 2123 392 2172 nou
427 2099 499 2196 ipse
532 2100 642 2195 pictor
667 2098 765 2190 iecit,
803 2098 861 2171 sed
896 2099 1036 2172 donatus
1060 2101 1103 2173 iis
1130 2110 1182 2174 est
1206 2101 1248 2174 ab
1276 2143 1284 2198 ,-
1348 2173 1351 2182 ,

131 2201 348 2276 Ardeatibus.
399 2201 467 2293 Qui
493 2224 591 2296 quum
617 2219 690 2272 eum
716 2201 822 2273 civem
847 2225 940 2273 suum
966 2200 1138 2294 iecissent,
1166 2228 1249 2276 coo-

132 2312 323 2376 seutaneum
348 2311 438 2393 erat,
477 2312 515 2374 ut
546 2327 613 2374 nou
646 2301 864 2373 sniumundo
891 2303 1048 2375 oriundus
1074 2311 1163 2376 esset
1187 2305 1248 2377 ille

131 2405 254 2502 pieton,
281 2403 478 2494 sedetiam,
506 2403 592 2498 quod
617 2403 823 2498 potissimum
840 2411 925 2492 erat,
953 2401 1159 2499 omniumque
1178 2428 1249 2476 ma·
1297 2421 1299 2428 “
1347 2453 1351 2462 ·

4 2563 5 2570 ,
63 2521 67 2549 ¹
131 2507 222 2578 xime
248 2504 365 2602 testari
389 2503 565 2594 debebunt,
590 2503 724 2576 civitate
749 2503 788 2573 ab
815 2526 851 2573 se
878 2502 1032 2576 donatum
1058 2528 1132 2577 esse
1158 2506 1248 2576 inuti-

132 2614 260 2680 earent.
309 2603 382 2678 Iam
413 2605 444 2677 si
476 2605 550 2702 quis
583 2604 724 2700 vestigia
756 2604 961 2700 scripturae,
995 2629 1078 2700 quae
1111 2603 1188 2678 aunt
1210 2607 1247 2679 in

131 2709 298 2782 veteribus
321 2707 439 2798 libris,
471 2706 677 2795 consideret,
715 2706 775 2776 vix
808 2705 908 2778 oredo
941 2705 1091 2780 dubitare
1122 2709 1248 2806 poterit

132 2811 211 2908 quin
237 2833 368 2883 carmen
393 2808 478 2880 illud
502 2809 567 2882 boo
591 2807 688 2880 modo
714 2806 815 2878 inerit
839 2808 1017 2904 seriptum:

232 2961 368 3062 Digne
393 2952 532 3060 deginae
557 2961 640 3032 ῐοοο
661 2960 832 3060 picturis
849 2943 1134 3033 'condecoravit
1234 3041 1241 3054 q

232 3063 416 3164 Rogp'rrae
437 3061 598 3135 Ireoeorei’
624 3061 813 3162 Srapreme'
835 3063 1014 3160 corsiaegi’
1038 3064 1222 3160 templum
1259 3147 1264 3157 1

107 3241 110 3246 ,
232 3167 399 3240 Marcus
423 3163 605 3238 Plautius
628 3162 831 3250 Ardeatis,
857 3161 993 3236 Ateste
1018 3162 1219 3255 orientales,

234 3266 357 3357 Quem
388 3291 496 3338 rmore
529 3277 570 3337 et
597 3276 689 3364 post
719 3288 870 3362 semper
905 3262 951 3337 ob
981 3277 1109 3346 ‚artem
1140 3263 1276 3340 bam

454 3375 456 3386 ’
786 3361 926 3438 Ardea
950 3364 1101 3466 laredat.

131 3517 210 3594 Non
235 3517 404 3613 elegantes
430 3515 560 3613 quidem
584 3515 620 3588 bi
646 3539 761 3588 uersus
787 3522 883 3608 sunt,
912 3515 971 3588 sed
996 3524 1104 3589 tamen
1129 3517 1244 3612 quales

41 3683 44 3692 .
131 3621 228 3696 multi
253 3627 286 3692 et
311 3618 584 3691 iuRomanorum
611 3625 646 3690 et
669 3619 703 3690 in
722 3615 928 3691 Graecorum
954 3622 1169 3691 monumentis
1190 3619 1245 3692 iu·
1348 3662 1353 3670 ·

131 3723 326 3813 veniuntur,
356 3728 393 3792 ut
417 3743 482 3791 nou
508 3719 682 3816 repudiare
708 3719 882 3791 debeamus
907 3719 1096 3791 troclmeum
1121 3720 1156 3792 in
1181 3735 1246 3794 no-

132 3827 219 3898 mine
233 3823 399 3922 'proprio,
433 3821 489 3918 qui
522 3821 639 3893 evitari
671 3845 735 3893 non
768 3822 889 3917 potnit.
946 3819 1030 3892 Nam
1056 3819 1245 3897 Ardeatis

133 3928 268 4022 antiquo
295 3949 355 3998 usu
382 3923 504 4006 dietum
538 3933 590 3995 est
616 3946 693 3996 casu
719 3923 932 4014 nominativo,
960 3930 997 3993 ut
1020 3920 1244 4020 Arpinates,

132 4025 357 4122 Sufenatis,
393 4027 615 4126 Capenatis
675 4024 786 4120 Atque
804 4023 926 4121 'ipsum
960 4025 1024 4097 boo
1056 4025 1244 4098 Ardeatis

131 4128 324 4202 Priscianus
349 4154 385 4226 p.
410 4129 499 4204 629.
527 4128 612 4221 (rol.
627 4124 660 4198 I.
685 4151 721 4223 p.
744 4129 829 4202 154.
856 4125 909 4198 ed.
936 4126 1087 4220 Rreblii)
1114 4150 1156 4197 ex
1175 4124 1244 4199 Ga-

132 4230 221 4304 tonis
247 4227 442 4326 Originibus
467 4229 582 4319 affert,
616 4229 789 4324 additque:
826 4226 1014 4304 Ardeatis
1038 4227 1148 4299 demit
1164 4250 1242 4326 pro

132 4355 176 4407 eo
210 4332 316 4432 quood
343 4357 450 4405 omno
475 4329 640 4404 obicimus
663 4326 832 4406 Ardores.
892 4328 954 4403 Sin
985 4330 1087 4425 igitur
1111 4329 1243 4404 Ardea·

131 4443 183 4508 tes
208 4441 244 4508 et
269 4431 458 4506 breuissime
484 4441 517 4507 et
537 4430 880 4526 bonorificentissime,
908 4455 1002 4528 quem
1026 4429 1158 4502 civitate
1180 4429 1242 4504 do·

947 4543 1041 4612 ece
