3084 5050
432 321 725 412 ιιιιιιιιιιιοιιιι
746 325 982 414 rmnnmc'nr.
1161 315 1164 320 ’
1199 351 1263 420 ιιι

149 528 276 590 tonsor
307 513 415 617 quod
434 519 617 616 sagittati
638 530 737 594 tecto
762 519 958 594 Ρανιιαιὶο
989 471 1259 613 salodorum,

106 683 116 702 ,
146 616 254 706 illud
272 643 349 690 αιιο
368 621 484 736 'ligno
509 632 710 712 comtum,
736 632 886 693 παιαιπ.
936 618 1139 718 improbarit
1164 621 1259 714 haec,

114 791 116 799 ,
146 743 253 815 neque
279 719 417 811 iniuria,
444 721 668 804 Alrlwardtus.
719 719 804 794 Nam
830 719 952 818 φυτὸν
976 723 1042 794 isto
1022 722 1297 818 osignilicatu

148 821 214 892 dici
246 822 337 892 nulle
370 821 466 894 rnndn
490 807 646 922 patuit:
669 823 704 896 id
737 824 908 896 dicendmn
934 832 1006 895 erat
1031 819 1256 922 αὐτόφυτον.

147 921 258 1040 Quare
291 923 419 996 sublata
450 925 733 1021 interpunctione,
777 948 872 1020 quam
906 925 1019 1051 posuit
1050 924 1255 1018 Boecklius,

145 1025 290 1096 coninnr
267 1023 374 1120 genda
407 1033 500 1098 erant
524 1024 592 1102 τὸν
623 1023 861 1122 μονόδροπον
886 1021 1018 1153 φατόν.
1075 1025 1257 1102 Librorum

145 1127 361 1222 scripturam,
393 1125 628 1203 καθέσσαντο
651 1123 889 1226 μονόδροπον
913 1122 1056 1227 φατόν,
1089 1153 1153 1226 ego
1180 1127 1255 1224 qui-

145 1227 218 1300 dem
244 1252 309 1300 non
323 1238 472 1324 propter
496 1231 591 1302 metri
616 1233 743 1328 legem,
778 1230 837 1302 sed
869 1238 1006 1326 prepter
1039 1230 1254 1326 diligentiam,

145 1329 269 1424 quain
294 1315 358 1400 hoc
382 1338 486 1402 metro
513 1332 654 1428 syllabas
680 1333 832 1429 aequavit
846 1329 1024 1423 Pindarus,
1049 1332 1254 1428 repudiatam

147 1432 256 1502 velim.
315 1429 391 1501 Non
424 1433 511 1502 enim
542 1432 688 1506 adducor
719 1436 762 1505 iis
789 1433 1011 1528 argumentis,
1047 1457 1128 1529 quae
1161 1433 1255 1506 Boe·

142 1531 262 1606 okhius
288 1531 323 1602 in
342 1532 456 1602 indice
481 1533 658 1606 lectionum
685 1535 884 1607 aestivarum
907 1535 1107 1608 anni1827.
1129 1535 1253 1628 attulit,
1350 1593 1353 1596 .

139 1641 271 1704 utnon
297 1633 338 1704 ab
363 1633 543 1728 antispasto
572 1635 718 1730 incipere
745 1635 810 1706 lnce
834 1643 973 1705 metrmn
998 1634 1147 1708 credamz
1183 1636 1255 1707 dis-

139 1735 333 1830 pntavitque
358 1742 475 1806 contra
492 1734 700 1808 'Bneclrlnium
722 1736 841 1808 Herm.
855 1733 1150 1807 Weissenbornins
1168 1737 1254 1808 scri·
1317 1765 1319 1774 ’
1339 1793 1342 1796 -

140 1844 200 1932 pta
233 1836 464 1910 dissertatione
497 1836 536 1909 de
565 1838 670 1910 versib
672 1862 711 1910 us
743 1836 1128 1934 iambicoantispasticis‚
1164 1838 1253 1912 edita
1304 1874 1307 1882 ¹

140 1937 338 2034 Lipsiaea.
368 1939 478 2012 1834.

241 2038 289 2112 V.
317 2039 379 2114 54
394 2041 503 2166 (71)
530 2037 618 2136 quod
644 2038 725 2111 dicit
748 1993 936 2130 Pindarus,
963 2031 1153 2113 πόντονδ’
1184 2038 1252 2114 οὔ·

139 2167 194 2224 τις
219 2135 463 2237 ἀπόκλαρός
447 2163 548 2216 εστιν
572 2137 701 2214 οόόΗ
681 2164 813 2228 somno,
838 2167 904 2215 nnn
917 2148 997 2238 puto
1016 2141 1066 2214 sic
1083 2141 1251 2238 accipien-

141 2243 215 2314 dmn
242 2267 334 2334 esse,
371 2251 408 2315 ιιι
438 2243 548 2315 uismn
569 2251 621 2314 est
645 2243 839 2315 Boeclrlnio.
880 2255 926 2315 ut
950 2253 1011 2331 tu,
1049 2242 1277 2336 Carrleoto,

139 2369 217 2442 παπ
242 2346 325 2418 sime
349 2341 482 2416 laboro
507 2345 708 2416 uictoriam
728 2346 906 2440 parasti,
936 2347 994 2416 sio
1019 2367 1115 2416 ιααο
1139 2369 1250 2418 nemo

138 2431 361 2518 mortalium
389 2456 517 2544 potest
545 2441 770 2517 laborum
752 2445 934 2533 ιπιμιααὶι
959 2467 1050 2516 osse.
1100 2443 1252 2540 Accepta

137 2557 190 2620 est
215 2547 298 2618 haec
322 2545 551 2641 interpretatio
586 2545 626 2615 ab
652 2523 851 2634 scholiasta,
889 2543 944 2637 qui
977 2543 1129 2666 scripsit.
1162 2547 1251 2626 ἴσαις

133 2645 179 2721 dd
206 2653 316 2719 τοῦτο
342 2645 441 2718 εἶπεν
466 2643 517 2725 ὡς
540 2672 607 2716 τοο
589 2637 826 2737 Καρραότοα
849 2636 1069 2736 κεκμηκότος
1087 2640 1250 2740 ἀβλαβὲς

136 2744 389 2822 demoniacum
416 2744 529 2841 ἅρμα.
579 2745 627 2818 At
659 2768 741 2841 quae
769 2754 968 2840 sequnntur,
1005 2744 1182 2815 ostendunt
1207 2744 1249 2817 de
1331 2811 1335 2828 ,
1455 2829 1459 2836 ,

135 2850 232 2922 unalis
266 2857 299 2920 et
325 2849 462 2920 adversa
487 2847 619 2920 sortmm
651 2870 832 2919 sermonem
859 2870 954 2932 esse,
995 2842 1114 2941 Itaque
1139 2845 1249 2920 saten-
1382 2897 1387 2904 -

136 2953 213 3024 dum
244 2951 395 3047 potius,
412 2950 539 3022 nescire
571 2975 632 3022 nos
666 2973 730 3044 quo
763 2949 823 3018 illa
848 2954 1011 3044 spectent.
1071 2947 1179 3038 Quum
1205 2947 1246 3020 de
1288 2947 1290 2956 ’
1323 2956 1333 2971 ’

137 3053 300 3128 Garrhcto
327 3053 414 3126 diota
440 3052 506 3124 sint
533 3075 614 3147 quae
640 3050 853 3148 praecedant,
882 3050 957 3121 huic
975 3048 1098 3144 aliquid
1116 3049 1246 3138 adversi

135 3155 293 3228 acciderit
319 3163 468 3252 opertet:
496 3153 582 3249 qued
608 3154 638 3226 si
658 3154 701 3244 is,
727 3162 765 3223 ut
783 3153 911 3248 quidam
930 3151 1016 3247 apud
1033 3151 1246 3226 scholiastann

131 3256 176 3328 ad
205 3281 237 3327 v.
264 3259 326 3330 33.
351 3263 543 3345 narrarunt,
576 3279 672 3328 socer
704 3255 766 3325 luit
790 3253 977 3343 Arcesilai,
1010 3276 1076 3324 nnn
1102 3253 1243 3326 alienum

134 3364 206 3430 enat
231 3358 316 3454 qnod
344 3356 376 3427 ei
400 3355 521 3428 accidit
546 3379 566 3430 a
591 3355 798 3426 Battidarnm
822 3354 973 3444 somena,
999 3361 1037 3424 nt
1063 3355 1188 3426 recte
1178 3378 1244 3426 ram
1316 3347 1346 3438 J

133 3459 175 3532 de
199 3458 293 3530 Batti
325 3466 423 3555 gente
391 3457 567 3529 tdicere
592 3465 691 3552 poeta
717 3455 874 3552 potuerit.
848 3452 996 3526 tSed
1021 3453 1056 3524 id
1082 3455 1243 3551 singulari

133 3570 204 3632 arte
230 3560 322 3651 lecit,
348 3567 417 3630 mut
403 3566 471 3630 tata
496 3558 625 3652 vulgari
649 3557 749 3647 sanna,
775 3578 857 3676 quae
884 3554 1083 3626 aPausania
1107 3555 1159 3626 X.
1180 3557 1240 3649 15,

132 3666 171 3738 6
198 3663 247 3734 sic
271 3610 442 3733 nairatun:
483 3655 558 3732 ἐπεὶ
588 3655 679 3731 dd’
656 3657 764 3752 platos
788 3651 933 3738 Βάττος
958 3652 1028 3750 τὴν
1051 3652 1238 3754 Καρήνην,
1239 3662 1294 3734 20

131 3762 272 3865 λέγεται
296 3759 358 3836 καὶ
372 3789 436 3856 της
451 3766 578 3859 φωνῆς
591 3728 767 3886 pendeant
782 3785 816 3830 οι
806 3753 1006 3831 ειτοιόνόιΰ
989 3783 1100 3852 ιαμα
1125 3757 1240 3837 ἐπιών

6 3945 8 3950 ,
130 3872 210 3939 τῶν
234 3861 458 3988 Κυρηναίων
489 3860 557 3956 τὴν
585 3855 716 3959 χώραν
748 3863 789 3933 ἐν
823 3863 899 3942 τοῖς
930 3853 1095 3954 ἐσχάτοις
1125 3861 1238 3958 αὐτῆς

131 3962 279 4064 ἐρήμοις
309 3961 507 4064 αἰφνιδίως
546 3965 614 4058 (sio
646 3962 850 4036 scribendum
883 3961 1011 4033 uidetur
1050 3986 1093 4034 ex
1129 3961 1236 4037 selrol.

131 4067 327 4142 Callimachi
358 4067 459 4138 adh.
484 4065 599 4162 Apoll.
625 4065 705 4160 65.)
738 4066 874 4137 θεᾶται
899 4060 1047 4152 λέοντα,
1079 4061 1142 4138 καὶ
1168 4063 1237 4138 αό-

129 4167 198 4243 τὸν
221 4198 281 4242 το
250 4165 460 4265 Ηόεῖμα
423 4197 465 4242 το
491 4169 531 4242 ἐκ
555 4173 618 4262 τῆς
641 4164 734 4249 θέας
758 4167 893 4286 βοῆσαι
919 4161 1033 4263 σαφὲς
1052 4162 1115 4249 καὶ
1138 4162 1235 4266 μέγα

128 4267 348 4390 ἠνόμκαοεν.
399 4269 548 4344 Deflexit
572 4270 654 4342 haee
677 4267 842 4341 Pindarus
868 4269 934 4360 ita,
960 4276 1015 4358 ιιι,
1050 4290 1147 4361 quum
1172 4267 1236 4338 ad-

131 4374 218 4479 versi
252 4371 330 4516 quid
355 4371 449 4473 quod
473 4372 574 4446 Betto
607 4369 782 4446 accidisset
806 4390 1058 4444 commemorare
1084 4366 1235 4460 deberet,
