3076 5046
296 369 361 438 alb
474 373 524 435 DE
544 369 763 448 rasponum
783 369 1052 438 COMOEDIAQUE
1073 367 1222 430 LYlthh.

295 539 400 636 lyrico
425 538 552 632 tribuit,
579 537 799 636 dithyrambos
820 538 935 636 potius
960 537 1062 609 luisse
1082 535 1148 608 ista
1169 533 1315 608 dramata
1333 542 1407 608 tra·

296 642 373 742 giea
398 639 489 712 credi
514 649 658 738 oportet.
709 639 839 712 Eodem
870 663 982 711 errore
1008 637 1213 710 Philoxenus
1238 637 1280 708 ab
1306 638 1408 710 scho-

296 743 395 817 liasta
419 740 653 839 Aristophanis
687 743 728 824 ad
753 741 847 813 Pluti
877 765 911 812 r.
937 742 1025 815 290.
1058 744 1092 812 et
1123 739 1200 811 inde
1233 739 1273 810 ab
1300 736 1409 812 Suida

296 845 331 916 in
354 839 592 940 θρεττανελό,
618 840 942 941 διθυραμβοποιὸς
959 835 1407 942 ἢτροιγῳὸοιλιιλασκοιλός,

297 953 331 1018 ct
356 946 391 1017 in
415 945 532 1018 iisdem
558 945 694 1018 scholiis
713 945 825 1042 paullo
848 952 923 1018 ante
943 940 1114 1044 τραγικὸς
1136 950 1281 1033 uocatur,
1308 951 1408 1039 atque

298 1045 380 1119 adeo
395 1045 448 1118 ad
474 1071 505 1118 v.
525 1046 613 1122 298.
638 1047 721 1118 hacc
745 1046 904 1141 legimusr
930 1047 1099 1119 ἐνταῦθα
1121 1041 1307 1140 ὃποιητὴς
1322 1069 1409 1130 ,ποια

297 1145 467 1250 γνιοιδῶς
491 1145 651 1244 ἐπιφέρει
675 1145 722 1220 τὰ
747 1155 814 1220 τοῦ
841 1146 1060 1234 Φιλοξένου,
1095 1139 1260 1228 εἰπόντος
1284 1141 1410 1241 πήραν

297 1245 499 1347 βοιστοὶζιιν
529 1247 597 1323 τὸν
621 1245 806 1322 Κύκλωπα
838 1246 901 1326 καὶ
930 1245 1075 1342 λάχανα
1105 1244 1258 1322 ἐσθίειν.
1309 1245 1408 1322 οὕτω

297 1348 371 1452 γὰρ
403 1347 570 1446 πεποίηκε
601 1349 668 1424 τὸν
700 1357 768 1424 τοῦ
792 1346 993 1433 Κύκλωπος
1023 1347 1226 1444 ὑποκριτὴν
1256 1351 1307 1431 εἰς
1338 1345 1409 1443 τὴν

300 1450 439 1548 σκηνὴν
456 1447 701 1554 ελςαγόμενον.
721 1474 724 1482 “
745 1452 889 1543 Quorum
910 1460 1076 1550 postrema
1095 1453 1152 1522 viu
1168 1450 1311 1522 dubitari
1330 1456 1409 1546 pot·
1525 1493 1526 1518 .

301 1563 353 1626 cst
378 1556 456 1652 quin
482 1555 522 1625 ab
548 1555 623 1651 ipso
648 1555 727 1627 licta
753 1555 908 1632 sintisto
934 1555 1127 1650 interprete,
1155 1553 1212 1648 qui
1229 1549 1420 1648 Cyclopem·
1525 1583 1526 1618 s

301 1655 556 1752 dithyrambum,
597 1680 693 1752 quem
717 1654 877 1727 Aelianus
903 1653 951 1727 V.
976 1654 1022 1728 Η.
1048 1652 1139 1726 XlI.
1164 1655 1227 1728 44.
1252 1650 1296 1726 τὸ
1320 1647 1409 1726 κοίλ-
1525 1647 1526 1664 ’

300 1763 426 1832 λιστον
449 1756 557 1854 μέλος
579 1755 760 1852 Philonapi
786 1757 888 1829 fuisse
915 1757 1007 1847 dicit,
1033 1754 1237 1852 tragoediam
1257 1779 1331 1827 esse
1345 1778 1409 1856 lu?

300 1861 432 1931 taverit.
490 1859 723 1954 Antigenidam
750 1855 946 1930 Thebanum
971 1856 1094 1931 Suidas
1127 1855 1300 1930 auloadunr
1325 1856 1409 1927 Pni-

300 1961 427 2050 loxcni,
454 1961 577 2031 rectius
592 1957 814 2056 Harpocratio
840 1960 1007 2032 tibicinem
1033 1959 1126 2031 dicit.
1176 1957 1236 2030 De
1250 1983 1290 2030 co
1304 1957 1410 2053 Wyt·

300 2059 557 2132 tenbacbius'ad
583 2059 755 2130 Plutarchi
780 2085 815 2156 p.
845 2063 930 2135 193.
955 2059 1000 2132 F.
1026 2069 1061 2132 et
1083 2059 1255 2134 leonisius
1281 2060 1411 2134 adAn·
1525 2125 1526 2142 ἶ

263 2181 266 2202 ¹
301 2159 463 2234 thol.II.
493 2155 676 2256 1.p257.
705 2161 870 2233 dixerunt.
1114 2171 1119 2186 ¹
1281 2177 1285 2184 '
1334 2231 1337 2236 .
1525 2159 1526 2248 l

294 2258 296 2266 ’
401 2261 524 2358 Pergit
533 2262 723 2334 Boeckhius
737 2263 802 2334 ita:
830 2264 1040 2336 scholiastam
1054 2262 1301 2360 Aristophanis,
1326 2260 1410 2336 Sui·

295 2363 389 2453 dam,
415 2362 597 2436 Eudociam
613 2362 776 2436 Simonidi
792 2363 862 2438 Ceo
887 2367 1030 2437 tribuere
1056 2364 1257 2462 tragoedias,
1284 2364 1325 2436 de
1346 2385 1410 2461 qua

302 2489 340 2536 re
366 2465 513 2536 dubitare
530 2464 730 2539 Goensium:
765 2468 823 2538 sed
845 2466 920 2563 quid
944 2466 1067 2563 opponi
1088 2490 1199 2563 posse,
1227 2467 1256 2538 si
1274 2467 1409 2562 lyricas,

261 2620 263 2630 .
303 2590 369 2638 non
402 2567 596 2640 dramaticas
630 2568 817 2663 tragoedias
851 2569 916 2640 dici
948 2561 1126 2664 putemus?
1176 2565 1287 2659 Sanc,
1322 2568 1352 2638 si
1375 2567 1411 2638 id

303 2677 473 2766 putamus:
508 2669 565 2740 sed
593 2694 656 2765 quo
683 2678 874 2764 argumento
900 2669 1104 2766 putabimus,
1139 2670 1205 2742 nisi
1230 2679 1327 2742 antea
1350 2669 1412 2741 de·

167 2815 175 2824 -
304 2778 518 2842 monstratum
551 2769 651 2843 inurit
683 2760 853 2842 exstitisse
885 2773 1012 2867 aliquas
1044 2773 1164 2867 lyricas
1196 2763 1411 2867 tragoediae?

279 2867 455 2943 tiSumitar
480 2895 560 2969 crgo
586 2871 641 2944 hic
667 2895 795 2969 qnoque
818 2896 880 2968 pro
908 2875 1102 2970 explorato,
1138 2872 1225 2969 quod
1250 2896 1315 2947 non
1340 2879 1412 2944 etat

293 2971 573 3046 demonstratum.
624 2971 693 3046 Sed
723 2973 885 3046 uideamus
911 2975 975 3046 hoc
1008 2999 1136 3070 quoquc
1169 2975 1264 3070 quale
1291 2975 1336 3046 sit
1359 2983 1413 3046 te·
1525 3001 1526 3004 ¹

200 3101 206 3124 ι
304 3075 504 3148 stimonium.
554 3072 654 3170 Apud
679 3074 922 3154 Eudociam‘et
945 3076 981 3146 in
1007 3072 1149 3172 vulgatis
1164 3075 1291 3148 Suidae
1316 3075 1411 3148 libris
1525 3065 1526 3084 ¹

157 3247 162 3266 ,
305 3174 428 3264 legitur
451 3174 676 3275 opuypudo'ou:
711 3176 769 3247 sed
795 3173 919 3248 Suidae
946 3177 1052 3249 codex
1077 3178 1122 3249 A.
1154 3186 1192 3250 ut
1216 3179 1411 3251 scholiastae

305 3263 537 3372 Aristophanis
564 3278 605 3348 ad
620 3277 727 3374 Vesp.
755 3281 865 3352 1402.
892 3303 936 3350 ex
965 3303 1029 3374 quo
1055 3304 1115 3351 sua
1140 3280 1316 3376 descripsit
1330 3277 1412 3352 Sui·

307 3376 378 3468 das,
405 3373 538 3451 nume'rb
565 3380 724 3474 singulari
749 3381 907 3475 praebent
922 3379 1124 3482 τραγῳδία.
1175 3380 1216 3452 Id
1231 3383 1341 3479 magni
1356 3405 1412 3454 re-

307 3475 384 3550 fert.
435 3478 519 3551 Nam
546 3480 641 3551 etiam
667 3482 871 3578 tragoediam
896 3484 1040 3554 scribere
1065 3483 1240 3579 aliquando
1261 3491 1413 3556 conatum

308 3603 381 3652 esse
399 3577 602 3654 Simonidem
626 3583 757 3654 minime
783 3593 835 3656 est
858 3584 1064 3676 incredibile,
1091 3585 1243 3656 etiamsi
1261 3594 1412 3656 mnenon
1525 3601 1526 3614 ¹

307 3681 342 3752 in
368 3707 498 3755 scenam
523 3683 731 3778 produceret.
783 3685 882 3758 Certe
916 3687 945 3756 si
978 3687 1081 3782 elegis
1116 3686 1314 3760 contendere
1339 3709 1412 3758 cum

164 3843 165 3850 ,
197 3791 203 3868 ζ
308 3781 478 3856 Simonide
511 3785 624 3880 potuit
650 3785 854 3881 Aeschylus,
897 3787 1009 3884 quidni
1042 3786 1231 3861 Simonides
1269 3789 1411 3861 scribere

307 3887 454 3981 potuerit
478 3881 708 3982 tragoediam?
758 3887 828 3959 Sed
853 3889 911 3958 illa
937 3897 974 3959 ut
999 3913 1094 3960 unam
1121 3891 1310 3992 scripserit,
1335 3891 1412 3986 plo·

308 4011 362 4058 res
389 3987 418 4058 si
443 3987 589 4079 lecisset,
616 3990 764 4085 prolecto
791 4013 856 4061 non
880 3988 1037 4082 iecisset,
1063 3993 1129 4064 nisi
1153 4001 1190 4062 nt
1215 3990 1411 4087 spectandae
1525 4001 1526 4080 l

164 4125 167 4143 ν
198 4104 202 4120 ’
310 4087 554 4160 exhiberentur.
603 4087 646 4160 ld
672 4114 748 4161 vero
780 4114 845 4162 non
875 4090 995 4170 lactum
1021 4117 1094 4164 esse
1120 4093 1337 4166 certissimum
1362 4093 1412 4164 ri·

293 4185 418 4286 detur.
469 4189 558 4261 Tam
590 4190 709 4265 nobilis
742 4190 827 4262 enim
855 4202 972 4288 poetae
998 4194 1259 4290 tragoediarum,
1295 4219 1358 4268 neo
1382 4195 1412 4266 si

310 4290 428 4380 bonae,
452 4315 515 4364 nec
539 4293 569 4363 si
593 4292 698 4362 malae
722 4290 880 4386 luissent,
915 4295 1095 4366 interiisset
1121 4298 1291 4369 memoria.
1340 4295 1412 4368 lsta

184 4385 189 4402 “
310 4389 426 4487 igitur,
452 4417 535 4491 qnae
559 4392 590 4465 si
613 4393 682 4464 ulla
705 4392 781 4488 luit,
806 4419 871 4468 una
895 4396 997 4472 luisse
1021 4391 1162 4491 uidetur,
1187 4421 1252 4472 non
1278 4405 1330 4470 est
1353 4421 1413 4472 cur
