3076 5046
330 415 392 484 reo
608 366 1160 474 nnnnnnmonnsrmnnmcnn.

331 577 491 677 ἀπήμων
515 578 602 677 κέαρ
627 578 693 650 isto
720 571 935 675 significatu?
984 575 1027 662 Id
1053 578 1138 650 enim
1164 601 1245 648 usus
1269 601 1336 648 non
1351 578 1444 675 peti-

332 683 475 758 turnisi
502 681 608 752 daeo
635 679 721 772 diei,
758 681 812 752 oui
837 682 1001 756 aerumnis
1026 703 1162 753 vanuum
1194 685 1247 750 est
1271 703 1343 750 eor.
1393 678 1444 751 Et

333 785 411 884 quid
443 784 506 855 sibi
531 783 601 854 nult
633 783 698 853 ista
726 782 824 878 plane
849 782 977 854 inutilis
1003 789 1101 878 atque
1126 781 1240 876 inepta
1264 780 1442 872 sententia,

331 881 387 958 ubi
413 885 509 957 modo
534 884 622 956 idem
648 884 768 956 dietum
802 891 874 955 erat
905 875 1234 980 significantissime?
1283 879 1366 954 Fuit
1390 890 1444 954 t-

331 1013 419 1079 men,
446 985 503 1084 qui
527 987 635 1083 repeti
660 1009 733 1058 oum
756 984 951 1057 rieamdem
965 987 1160 1057 sententiam
1175 991 1337 1056 censeret.
1373 981 1444 1056 So-

331 1091 402 1162 lent
428 1089 513 1168 enim
538 1086 708 1178 nonnulli,
745 1109 844 1181 quum
877 1087 954 1182 quid
979 1094 1046 1159 tam
1069 1086 1305 1158 inoonveniens
1330 1093 1445 1158 estut

332 1190 484 1288 expediri
510 1189 676 1261 commode
702 1195 863 1284 nequeat,
897 1213 970 1260 eum
995 1189 1030 1260 ri
1055 1187 1178 1259 dietum
1202 1187 1443 1284 pronunciaret

333 1317 415 1391 quae
442 1291 492 1361 vis
517 1299 625 1362 tamen
658 1289 764 1384 qualis
790 1289 834 1360 sit
859 1313 925 1361 non
950 1287 1131 1362 declarant.
1181 1286 1268 1360 Num
1293 1289 1358 1362 hoe
1382 1314 1446 1362 vo-

332 1395 418 1486 lunt,
444 1391 562 1465 fortius
588 1390 753 1463 efferenda
778 1415 852 1462 esse
879 1414 961 1486 quae
976 1392 1147 1487 languent,
1173 1415 1215 1463 ne
1232 1391 1353 1463 sentiat
1369 1389 1446 1463 lan-

202 1573 206 1586 ι
332 1519 434 1594 guero
467 1487 624 1565 auditor?
666 1491 791 1584 'Absit,
828 1501 865 1566 ut
895 1493 1075 1564 Pindarum
1107 1517 1174 1564 non
1207 1494 1330 1565 rectius
1364 1489 1445 1591 quid

332 1606 430 1694 atque
462 1595 571 1694 aptius
602 1618 725 1693 ponere
750 1595 898 1692 potuisse
924 1594 1108 1676 credamus.
1159 1592 1201 1665 Id
1227 1595 1302 1691 quid
1330 1593 1444 1692 fuerit,

332 1723 387 1772 res
412 1699 486 1796 ipsa
510 1697 640 1770 videtur
665 1706 867 1770 monstrare:

887 1845 977 1930 θεὸς
1003 1844 1079 1930 οἶος

435 1944 596 2046 ἀπήμων
618 1946 724 2046 κέαρ·
759 1946 951 2042 εὐδαίμων
982 1945 1024 2023 ἀὲ
1055 1947 1118 2022 καὶ
1149 1946 1312 2044 ὑμνητὸς
1337 1940 1444 2033 οὗτος

408 2121 413 2132 ,
940 2048 1034 2146 ἀνὴρ
1060 2047 1226 2151 γίγνεται
1251 2055 1393 2149 σοφοῖς,

270 2163 277 2172 ’
434 2149 474 2232 ὃς
498 2149 547 2224 ἀν
569 2145 699 2244 χερσὶν
722 2146 745 2243 ἢ
770 2147 900 2224 ποδῶν
925 2151 1038 2248 ἀρετᾷ
1062 2147 1262 2249 κρατήσαις
1379 2219 1382 2226 .

432 2249 480 2326 ud
503 2246 645 2351 μέγιστ’
675 2249 825 2325 ἀέθλων
850 2251 911 2348 ἓάῃ
936 2259 1055 2350 τολμᾷ
1079 2283 1117 2327 τε
1142 2252 1206 2328 καὶ
1232 2255 1371 2342 σθένει,

433 2350 496 2428 καὶ
521 2346 630 2441 ζώων
653 2353 705 2424 ἔτι
729 2351 866 2448 νεαρὸν

432 2454 515 2529 κατ’
545 2452 658 2530 αἶσαν
682 2451 767 2529 υἱὸν
783 2451 846 2550 idm
866 2451 1028 2550 τυχόντα
1049 2449 1248 2555 στεφάνων
1264 2453 1443 2533 Πυθίων.

333 2609 494 2706 Apertum
520 2614 573 2680 est
597 2632 692 2705 quam
717 2609 801 2680 haee
826 2615 860 2679 et
884 2608 1002 2704 pulcra
1018 2614 1053 2679 et
1071 2609 1183 2704 gravis
1200 2611 1363 2684 sententia
1380 2613 1442 2685 sit:

332 2707 429 2786 deos
461 2711 565 2783 soluo
597 2735 666 2782 ooo·
698 2705 815 2782 dabor
844 2735 1011 2782 vacuum
1035 2707 1199 2783 doloria:
1239 2709 1312 2786 aed
1328 2709 1443 2810 selae

333 2815 451 2888 etiam
477 2823 517 2885 et
539 2807 756 2884 celebratos
781 2807 1019 2908 rapientibus
1044 2809 1107 2883 die
1131 2805 1246 2886 domo
1265 2825 1340 2904 ert,
1377 2816 1445 2916 qui

333 2915 491 2986 εωνπανά
509 2914 658 3011 potitus
684 2925 744 2985 αντ
760 2915 950 3010 praemia}
976 2924 1016 2985 et
1038 2911 1293 2988 oiozaoadlmo
1307 2913 1443 3015 filium

334 3014 438 3090 vadet
459 3013 638 3112 Pythiam
664 3011 848 3111 adeptum
873 3039 1069 3092 eoronam,

277 3257 416 3350 ἰα’
546 3227 549 3242 ’
705 3264 1068 3340 urunxr.

434 3419 653 3492 Vndeeimum
679 3445 811 3493 earmen
836 3418 1054 3517 vituperatum
1074 3430 1130 3494 est
1155 3421 1195 3492 ab
1221 3419 1364 3517 antiquis
1390 3423 1442 3493 in·

217 3529 243 3572 ·‘
314 3522 554 3617 -terpretihus,
584 3522 671 3619 quod
696 3523 808 3619 inepte
834 3519 1113 3617 Clytaemnestrae
1139 3523 1267 3596 seelera
1290 3521 1441 3594 leudibus

337 3623 471 3695 vieton's
496 3623 676 3698 intexuerit
701 3633 812 3720 poeta.
871 3623 948 3696 Non
972 3633 1080 3698 tamen
1104 3625 1140 3697 id
1165 3649 1239 3696 eum
1261 3633 1384 3697 temere
1409 3631 1443 3697 et

253 3773 258 3782 ,
335 3725 406 3796 sine
432 3747 549 3796 caussa
572 3725 693 3797 senisse
717 3734 808 3799 reete
832 3727 990 3798 iudicavit
1013 3721 1219 3817 Boeekhius‚
1251 3749 1443 3822 quemquam
1526 3757 1527 3781 ν

336 3847 419 3923 quae
443 3824 523 3918 ille,
558 3836 596 3899 ut
626 3828 723 3899 istam
756 3827 995 3922 digressionem
1019 3828 1203 3924 explicaret
1210 3881 1222 3920 ,
1256 3827 1345 3899 saeta
1369 3851 1443 3900 esse

335 3925 496 4018 coniecit,
537 3929 633 4000 nimis
658 3930 793 4001 exiliter
824 3931 1007 4027 composita
1038 3930 1202 4002 ridentur.
1259 3927 1374 4022 Nihil,
1413 3929 1443 4000 si
1525 3953 1526 3976 ν

336 4027 414 4124 quid
440 4051 502 4122 ego
528 4030 637 4121 video,
664 4031 753 4101 aliud
778 4032 994 4128 probabiliter·
1018 4033 1102 4108 sumi
1117 4038 1241 4126 potest,
1269 4054 1365 4127 quam
1379 4031 1443 4118 aii-

337 4154 432 4226 quem
457 4153 501 4200 ex
524 4142 623 4225 gente
649 4133 785 4205 victoris
811 4157 871 4228 per
896 4134 1032 4204 insidias
1057 4133 1196 4229 periisse
1222 4142 1360 4229 propter
1384 4157 1443 4204 su-

336 4232 516 4329 spicionem
541 4231 694 4304 adulterii
720 4259 792 4306 oum
817 4233 921 4306 nobili
946 4233 1094 4324 muliere,
1121 4234 1357 4332 affectataeque
1381 4259 1443 4332 per

335 4335 407 4408 eius
446 4333 691 4424 consuetudinis
731 4335 1008 4433 opportumitatem
1047 4335 1292 4410 dominationis.
1355 4335 1442 4409 Nam

301 4499 306 4512 .
335 4437 529 4532 adulteram,
558 4461 641 4533 quae
667 4439 840 4536 exipsius
866 4435 1073 4535 Thrasydaei
1097 4445 1196 4538 gente
1222 4436 1360 4512 amandu
1385 4461 1441 4513 es·
