3084 5050
324 433 387 502 164
603 435 899 497 EMENDATIONES
920 433 1156 498 PINDARICAE.
1268 517 1271 528 Ι

322 601 346 700 ἢ
371 599 547 700 διψῶσαν
573 597 678 698 ᾠδὴν
701 609 755 698 τῷ
774 599 897 675 θέλειν
921 599 1055 698 ὑμνεῖν
1078 599 1177 696 ὑμᾶς
1202 594 1355 697 πράσσει
1380 627 1438 684 τις

323 702 387 801 ἐμὲ
412 703 475 777 καὶ
501 699 701 805 ἀναγκάζει
732 705 785 776 ἔτι
810 711 926 788 rodco
949 703 1146 799 dnouement
1170 701 1234 776 καὶ
1259 725 1438 801 συμπερι-

325 805 455 902 λαβεῖν
475 802 548 900 ,τὴν
572 813 651 880 τῶν
675 799 873 906 προγόνων
898 803 1007 900 ὑμῶν
1039 801 1164 889 δόξαν.
1223 803 1300 876 Νοο
1323 812 1438 901 potest

256 982 259 991 ,
320 908 408 998 'haec
432 907 655 981 'consideranti
680 907 811 989 dubium
837 909 924 1002 esse,
950 907 1073 1004 legisse
1098 907 1192 978 illum
1217 905 1267 978 sie
1292 907 1437 1004 scriptos

323 1011 386 1082 los
411 1033 546 1082 uersus:
854 1029 863 1044 ’“
1105 1013 1107 1022 ’

627 1102 1076 1206 Μδὼωωῶ

425 1206 558 1308 διψάδ
590 1206 805 1308 ἀκειόμενον
830 1207 984 1308 πράσσει
1006 1207 1114 1307 χρέος
1138 1203 1242 1291 αὖτις
1266 1211 1403 1312 ἐγεῖραι

423 1312 487 1386 καὶ
512 1312 674 1388 παλαιὰν
699 1307 814 1396 δόξαν
840 1313 914 1387 ἑῶν
937 1307 1144 1414 προγόνων.

277 1459 391 1538 llMe
416 1462 580 1563 quatem,
606 1465 724 1561 inquit,
751 1476 811 1538 cst
834 1468 904 1566 qui
919 1475 1040 1564 cogat
1058 1466 1239 1538 οποάΐανο
1255 1457 1435 1552 delium,

323 1563 511 1640 medelam
537 1568 754 1666 αἰάασιινασι
779 1568 927 1640 εἰσίασιν’
950 1568 1136 1656 carmini,
1170 1575 1209 1638 et
1232 1568 1438 1665 antiquam

324 1693 483 1740 ειιονασι
498 1667 658 1764 famam
679 1671 881 1743 maiorum.
924 1665 1078 1742 ’Λοιδάν
1097 1663 1244 1764 διψάδα
1266 1667 1347 1739 dicit
1361 1691 1438 1740 oar-

323 1793 411 1859 men,
444 1769 530 1867 quod
557 1772 668 1866 cupiat
693 1779 726 1841 et
749 1772 847 1868 quasi
872 1771 964 1856 sitiat
988 1770 1083 1870 plura
1109 1753 1226 1841 eadere
1253 1768 1293 1840 de
1320 1793 1360 1840 ea
1385 1794 1435 1859 ne,

286 1882 290 1892 '
323 1870 359 1940 in
373 1893 449 1968 que
474 1880 637 1943 versatur.
696 1872 779 1962 Quis
813 1880 864 1943 est
890 1880 1018 1963 autem,
1055 1870 1111 1968 qui
1142 1867 1198 1962 τὶς
1223 1865 1437 1967 appellatur?

183 1999 186 2008 ’
259 2057 264 2068 Ι
323 1969 450 2069 Nempe
476 1973 548 2069 ipse
565 1972 805 2064 Telesicretes,
833 1998 928 2069 quem
943 1974 1007 2045 lroc
1023 1973 1230 2069 pronomine,
1258 1997 1321 2068 quo
1335 1981 1438 2044 utun·

324 2081 378 2144 tur
404 2073 460 2170 qui
486 2075 627 2170 aliquem
652 2074 842 2146 nominatim
870 2075 979 2146 dicere
1005 2076 1134 2165 nolunt,
1161 2074 1324 2170 designati
1366 2071 1439 2146 Cur

324 2199 402 2246 uero
435 2175 603 2248 nominare
636 2201 703 2248 non
728 2169 826 2246 vult?
883 2173 1011 2272 Nempe
1046 2177 1122 2271 quia
1153 2175 1295 2248 nondum
1326 2175 1437 2272 pelam

324 2275 431 2348 iaetus
457 2285 509 2348 est
533 2301 624 2349 amor
650 2276 890 2368 Telesieratis‚
928 2279 981 2349 cui
1006 2275 1137 2350 felicem
1162 2301 1350 2350 successum
1376 2302 1438 2348 au-

261 2419 263 2430 ·
324 2379 436 2472 gnrari
462 2379 533 2450 vult
557 2380 617 2451 illo
643 2378 833 2452 Alenidami
859 2380 1029 2476 exemplo.

715 2580 940 2706 nuru.
990 2630 1044 2703 x.

423 2781 466 2855 In
491 2782 617 2855 decimo
645 2785 787 2857 carmine
804 2781 869 2857 tria
892 2785 1035 2857 editores
1052 2784 1219 2856 latuerunt
1232 2784 1325 2876 vitia,
1352 2809 1438 2880 quo-

211 2883 216 2889 ’
323 2907 394 2956 rum
419 2911 485 2957 uno
511 2885 547 2956 in
572 2896 709 2958 metrum
734 2894 913 2983 peccatur‚·
948 2911 1012 2982 quo
1038 2888 1072 2956 in
1098 2909 1219 2981 genero
1245 2888 1344 2957 etiam
1370 2887 1438 2958 alia
1468 2937 1473 2944 ,

325 2988 481 3084 quaedam
516 2988 713 3083 corrigenda
745 2997 839 3076 sunt3
875 2987 979 3058 altero
1013 2987 1072 3057 lex
1104 2986 1246 3057 violatur
1279 2987 1437 3060 dictionis

321 3089 492 3184 poetieae3
526 3089 625 3160 tertio
652 3097 686 3160 et
711 3113 789 3160 usus
814 3088 971 3184 loquendi
1004 3095 1039 3158 et
1064 3087 1225 3157 sententia
1251 3067 1450 3187 eorrumpi-⁸

324 3198 392 3286 tur.-
444 3186 591 3260 Metrum
615 3190 758 3262 laeditur
783 3215 816 3260 v.
842 3193 880 3262 8.
908 3189 1005 3288 (12.)
1031 3189 1088 3258 ubi
1114 3188 1271 3284 scriptum
1298 3198 1372 3262 cst:

450 3345 597 3436 στρατῷ
629 3339 665 3412 τ’
703 3335 960 3440 ἀμφικτιόνων
993 3337 1013 3414 ὃ
1046 3335 1287 3439 Παρνάσσιος
1319 3339 1437 3417 αὐτὸν

347 3479 348 3487 ¹
826 3536 832 3553 ,
862 3503 866 3518 ,
977 3439 1106 3538 μυχός.

322 3538 365 3611 Id
390 3541 570 3639 scripserat
592 3540 779 3616 Pindarus:

451 3700 597 3793 στρατῷ
637 3689 878 3794 περικτιόνων
909 3693 953 3768 δ’
993 3693 1013 3768 ὁ
1046 3691 1303 3824 ῌαρνάσσιος.
1318 3694 1438 3774 αὐτὸν

979 3823 1108 3892 μοχος.

167 4011 170 4018 ,
209 4034 213 4038 .
325 3943 440 4018 Dictio
472 3948 603 4042 poetica
635 3956 743 4020 autem
774 3972 841 4022 non
861 3949 939 4030 xlert
974 3949 1149 4022 articulum
1180 3953 1212 4020 u.
1239 3949 1301 4024 57.
1335 3949 1437 4046 (88.)

143 4043 148 4064 ’
217 4123 220 4135 ,
259 4120 261 4128 s
325 4044 393 4120 τὸν
412 4043 631 4123 Ἱπποκλέαν.
682 4048 737 4120 11ιί
746 4047 965 4135 ῙΙπποκλέαν
996 4050 1118 4122 editum
1151 4074 1194 4122 ex
1218 4050 1439 4124 Ritterslrusii

312 4157 364 4231 ¹et
388 4145 550 4221 Schmidii
575 4151 800 4242 correctione,
834 4175 932 4245 quum
956 4152 1035 4223 libri
1060 4151 1283 4226 consentirent
1306 4154 1341 4226 in
1361 4150 1438 4228 Ἱπ-

329 4247 471 4346 ποκλέα.
531 4249 609 4326 Νοα
641 4252 779 4325 debehat
809 4252 891 4324 haec
923 4253 1095 4348 scriptura
1108 4261 1230 4325 temere
1256 4256 1438 4349 contemni,

331 4376 414 4450 quae
445 4352 510 4424 nisi
542 4377 594 4425 me
620 4355 808 4427 coniectura
832 4353 940 4445 fallit,
975 4353 1129 4450 proxime
1155 4379 1267 4427 uerum
1292 4355 1440 4432 succedit.¹

331 4456 392 4528 Sic
417 4454 503 4528 enim
528 4455 691 4530 scribendi
716 4456 772 4527 isti
798 4478 912 4528 versus
937 4455 1105 4528 uidentur:
1411 4477 1414 4482 ·
