3070 5048
515 395 607 482 rora
629 393 843 460 rosumere
1171 393 1236 468 tet

122 553 185 634 88·
211 579 324 656 seqq,
362 582 409 634 er
442 585 507 660 quo
540 587 600 636 erra
632 563 809 636 exornavit
838 559 1060 641 Gellinealmr
1093 553 1128 638 b·
1153 563 1236 640 Del.
1254 595 1278 620 ⁴»

121 662 210 735 278.
235 684 330 758 seqq.
380 662 551 738 Primitiae
577 666 699 763 stipula
725 664 828 740 tritici
852 665 1017 738 involutas
1040 691 1084 738 ex
1100 663 1237 763 Hyper-

122 761 232 834 boreis
263 763 305 834 ad
330 761 475 862 Scyllas
506 768 625 840 allatas
657 767 767 863 ibique
799 775 966 864 receptas.
983 767 1061 840 iude
1094 768 1135 840 ab
1166 770 1234 845 alie

121 861 277 961 deinceps
309 865 351 937 ad
384 868 483 940 aliurn
515 871 671 966 populum
714 891 834 952 rursus
861 868 1064 943 occidentem
1095 867 1234 944 traditas
1323 925 1326 928 -

119 987 223 1061 usque
250 965 291 1038 ad
318 991 407 1041 mare
423 969 629 1044 Adriaticum
655 970 858 1067 pervenisse.
910 969 1002 1044 Hine
1018 971 1106 1044 inter
1122 959 1260 1044 Grae-9
1374 1009 1378 1026 ·

13 1085 15 1092 ’
119 1089 179 1138 eos
204 1068 311 1164 primo
336 1070 387 1154 ob¹
403 1070 696 1171 Dodonaeisesse
723 1081 915 1174 susceptas,
949 1072 1035 1144 unde
1061 1071 1103 1146 ad
1127 1073 1236 1146 sinum

118 1165 305 1241 Maliacum
326 1178 363 1242 et
386 1197 486 1269 porro
509 1175 546 1248 in
570 1173 742 1272 Euboeam
769 1198 870 1270 usque
888 1172 1074 1268 Carystum,
1099 1174 1236 1248 Andro·
1379 1207 1382 1220 ¹

119 1293 183 1366 que
207 1272 389 1368 praeterita
413 1274 545 1348 Tenum
571 1277 714 1366 venisse,
741 1276 781 1347 eb
808 1274 929 1350 Teniis
955 1275 1094 1372 denique
1111 1274 1235 1349 Delum

118 1395 194 1443 esse
219 1371 378 1468 perlatas.
428 1374 481 1450 Ac
506 1366 644 1473 primurn
664 1377 794 1474 quidem
810 1385 1000 1474 apportatas
1018 1375 1141 1450 Delum
1160 1401 1234 1454 esse
1271 1397 1275 1408 ’
1361 1397 1363 1404 ’

118 1470 167 1546 ab
186 1472 310 1546 duabus
338 1477 639 1576 virginibusque
655 1478 746 1550 Delii
761 1477 983 1574 Hyperoobeu
1009 1487 1044 1550 et
1058 1476 1234 1554 Laodicea

117 1575 807 1776 tbdlbltotbltllbrbbbt
829 1579 1234 1777 bttdbtttttt

59 1831 63 1842 ,
115 1775 317 1872 perbereos,
344 1805 385 1853 ne
400 1803 542 1878 semper
567 1783 607 1853 ab
633 1783 709 1854 aliis
735 1782 776 1852 ad
802 1781 886 1854 alios
912 1804 1053 1877 pergere
1078 1781 1234 1855 iuberen-

116 1886 184 1970 tur,
211 1901 268 1978 eos
294 1882 456 1977 primitias
481 1883 596 1955 itidem
622 1884 745 1982 stipula
770 1883 935 1956 involutas
960 1882 1122 1979 proximis
1148 1883 1233 1956 vici·

114 1979 168 2051 nis
195 1980 383 2075 tradidisse,
409 1984 461 2056 illi
486 1993 525 2057 ut
549 1985 706 2081 deinceps
723 1985 798 2056 aliis
819 1984 1000 2056 traderent.
1050 1983 1103 2055 Ae
1117 1983 1233 2056 Tbra·
1326 2059 1331 2077 ,

113 2103 173 2154 ees
199 2105 331 2180 quoque
353 2085 483 2157 Ilionae
509 2086 643 2184 reginae
670 2111 736 2159 nou
762 2087 834 2160 siue
860 2085 983 2182 stipula
1009 2085 1112 2158 tritici
1135 2109 1231 2160 sacra

114 2179 238 2256 lacere.
289 2184 410 2259 Delios
441 2195 548 2260 autern
582 2211 716 2261 narrare
749 2188 815 2260 ianr
847 2197 923 2260 ante
948 2185 1171 2284 Hyperocbeu
1196 2195 1232 2264 et

113 2279 287 2358 Laodicen
315 2286 395 2360 duas
421 2288 655 2386 Hyperboreas
682 2290 826 2385 virgines
852 2288 893 2360 a'd
920 2312 956 2360 se
983 2289 1132 2379 uenisse,
1161 2288 1232 2362 Ar·
1352 2289 1357 2306 '

113 2409 179 2482 gen
205 2394 240 2458 et
265 2385 369 2484 0piu,
397 2412 571 2485 earumque
597 2389 679 2462 baso
704 2391 836 2462 nomina
861 2389 900 2460 ab
925 2386 1035 2482 Lycio
1060 2387 1169 2462 Olane
1193 2391 1231 2462 in

112 2487 233 2582 bymoo
264 2489 404 2584 quodam
439 2512 513 2562 esse
545 2489 690 2587 prodita.
752 2493 856 2584 Quam
882 2487 1074 2561 Herodotus
1098 2489 1232 2584 Argen,
1354 2547 1358 2554 -

112 2588 186 2678 alii,
212 2597 250 2660 ut
273 2589 457 2662 Pausanias
481 2589 529 2662 V.
556 2595 593 2681 7,
620 2595 657 2665 8.
699 2590 895 2684 Hecaergen
922 2589 1104 2686 appellant.
1153 2589 1230 2685 lay-

110 2690 286 2786 perboreis
314 2691 493 2786 virginibus
519 2692 714 2764 scholiastes
729 2689 868 2762 Pindari
893 2690 927 2761 in
950 2697 1143 2785 argomento
1157 2688 1229 2785 Py-

110 2789 256 2864 tbiorum
282 2791 452 2864 substituit
482 2793 639 2889 nympbas
664 2790 894 2865 Parnassides.
945 2790 1031 2864 Eius
1055 2792 1091 2863 in
1118 2791 1226 2864 verbis
1367 2859 1377 2874 ,

110 2915 179 2964 nou
205 2892 429 2966 animadversa
455 2903 526 2986 est,
563 2917 658 2991 quam
689 2896 785 2966 bians
810 2895 973 2966 sententia
998 2891 1141 2984 indicat,
1173 2892 1227 2964 la-
1309 2983 1314 3002 ,
1383 2958 1385 2966 .

110 3017 216 3066 cunas
250 2995 402 3068 ἐτελεῖτο
427 2992 469 3069 δὲ
496 2994 515 3069 ὅ
541 2993 649 3100 dyeia
671 2991 860 3089 καταρχὰς
883 2993 954 3088 μὲν
973 2991 1039 3068 διὰ
1056 2995 1228 3090 lanamq-

108 3091 216 3190 ρίδος
241 3096 261 3136 *⁸
288 3106 308 3143 ⁴*
334 3094 399 3173 dod
423 3094 467 3171 τὸ
486 3095 552 3180 τὰς
567 3095 838 3194 Παρνασσίδας
853 3092 1007 3196 νύμφας
1024 3091 1259 3172 'Antium'
1366 3198 1371 3208 ¹
1446 3129 1448 3136 “

108 3194 296 3272 κτείναντι
319 3197 363 3272 τὸ
376 3197 515 3296 θηρίον
538 3199 606 3284 τὰς
629 3203 671 3276 ἐν
695 3203 777 3282 ταῖς
796 3197 926 3295 χερσὶν
951 3193 1100 3295 ὀπώρας
1115 3225 1227 3296 προς·

109 3303 272 3396 caeparia
297 3297 412 3395 δῶρα.
464 3301 643 3393 Putabant,
670 3304 726 3398 qui
751 3303 834 3373 baec
854 3307 1127 3391 memoraverunt,
1152 3300 1226 3372 lru·

108 3421 189 3497 gum
214 3399 376 3495 primitias
402 3400 477 3473 ideo
504 3411 717 3474 consecratas·
740 3427 814 3474 esse
838 3400 1003 3497 Apollini,
1030 3397 1117 3496 quod
1144 3424 1224 3473 casu
1353 3420 1358 3434 ¹

107 3505 260 3597 tempore
285 3502 401 3572 messis
427 3501 619 3574 interiectus
646 3503 686 3574 ab
713 3527 753 3575 eo
780 3511 868 3575 essct
894 3501 1007 3575 draco.
1057 3500 1112 3574 De
1138 3509 1224 3574 tene.
1261 3525 1265 3532 ·

108 3623 192 3700 pore
226 3603 413 3675 consentire
446 3603 576 3676 ridetur
599 3605 764 3695 Alcaeus,
799 3605 854 3699 qui
889 3603 995 3686 media
1026 3608 1152 3674 aestate
1178 3627 1223 3676 err

108 3701 336 3800 Hyperboreis
362 3704 493 3776 venisse
509 3706 701 3802 Apollinem
725 3706 860 3777 cecinit.
910 3704 1064 3790 Rectius,
1090 3703 1222 3801 opinor,

107 3803 175 3877 boe
200 3805 241 3877 ad
267 3804 350 3878 solis
375 3805 518 3878 calorem
545 3808 658 3904 fruges
684 3817 898 3879 maturantem
923 3805 1099 3880 referetur.

210 3903 286 3979 Non
311 3908 466 4000 multum,
501 3909 558 3988 sed
592 3919 699 3982 tamen
726 3908 850 4004 aliquid
875 3933 920 3980 ex
945 3908 997 3980 bis
1021 3906 1222 3982 narrationi·

107 4005 171 4076 bns
195 4008 398 4102 proficimus.
428 4007 531 4082 ,Nam
567 4035 664 4108 quum
697 4035 739 4083 er
764 4009 989 4108 Hyperboreis
1021 4017 1056 4082 el
1085 4010 1223 4107 Apolli·

107 4131 184 4180 nem
211 4108 315 4205 ipsum
343 4120 377 4184 et
402 4112 546 4209 virgines
571 4115 653 4187 istas
680 4114 880 4209 comitesque
896 4136 1006 4185 earum
1020 4110 1222 4209 nsppsps‘em

107 4208 240 4284 venisse
265 4211 446 4306 audiamus,
473 4214 699 4313 Dodonaeque
726 4224 760 4287 et
785 4215 1090 4288 Parnassimentio
1116 4213 1151 4286 in
1176 4213 1220 4284 iis
1326 4213 1330 4228 '

106 4307 193 4402 liat„
207 4304 290 4407 quae
318 4311 358 4386 de
384 4317 504 4390 oblatis
530 4317 683 4414 primitiis
709 4313 908 4410 referuntur,
935 4315 1030 4412 origo
1049 4311 1218 4410 Apollinis
1371 4403 1374 4410 ,

10 4507 11 4512 Ἰ
107 4417 148 4481 ut
171 4412 340 4509 peregrini
371 4425 470 4514 atque
502 4443 545 4492 ex
578 4419 768 4516 longinquis
800 4420 869 4492 oris
902 4418 1046 4490 advenae
1079 4413 1132 4486 dei
1159 4407 1219 4488 dee

151 4523 435 4602 mmmm
757 4535 766 4545 '
977 4527 1005 4594 U
1181 4569 1184 4578 ·
1296 4535 1301 4540 '
