3086 5050
345 453 347 460 Ι
416 369 467 430 nu
488 367 677 432 omnum
691 369 981 437 rsrouosunsm.
1087 321 1093 334 ⁸
1191 369 1256 440 ete

142 531 346 629 Μέμνονος
376 533 441 612 καὶ
471 542 544 621 τοῦ,
563 535 753 630 Ἀχιλλέως
782 531 922 634 ψυχήν.
979 534 1188 614 Sebbliastee
1214 539 1255 612 od

142 634 272 712 XXII.
300 639 388 711 210.
423 643 537 732 κῆρας
560 636 627 720 τὰς
652 636 785 734 μοίρας
808 639 921 738 λέγει,
956 635 1255 737 οὐ1ὰςψυχάς,
1303 725 1306 730 ,

142 735 392 822 ὥςέξεὸἐξατο
408 735 559 835 φαύλως
572 735 778 834 Αἰαχύλος.“
816 739 865 814 Et
878 739 1075 818 Eurtutbius
1091 765 1124 837 p.
1144 745 1255 832 1266,

141 843 205 915 37.
238 838 336 937 φασὶ,
357 836 399 913 dd
426 840 461 913 οἱ
486 841 639 915 παλαιοὶ
660 843 700 914 ἐκ
724 835 859 915 τούτου
880 840 1101 936 τοῦχωρίου
1119 839 1256 916 πεπλώ-

136 942 257 1030 abac,
290 939 342 1023 ’ὡς
373 941 437 1015 καὶ
456 941 564 1038 αὐτὸ
584 938 867 1039 ,προοδηλώθη,·
895 941 965 1038 τὴν
996 941 1255 1038 Ψυχοστασίαν

34 1049 41 1068 “
140 1049 195 1139 τῷ
219 1039 408 1138 Αἰσχύλῳ,
435 1051 522 1141 κῆρε
547 1043 724 1140 νοήσαντι
749 1043 816 1127 τὰς
839 1041 982 1141 ψυχάς,
1010 1043 1061 1127 ὥς
1084 1043 1254 1128 καθόλου

138 1149 209 1218 τοῦ
234 1142 323 1226 Διὸς
347 1143 474 1242 ψυχὰς
495 1147 704 1230 ἱστῶντος.
741 1145 799 1220 Ex
825 1146 896 1238 bis,
930 1147 1076 1220 adbibito
1102 1147 1253 1236 Pollucis

140 1245 229 1342 quod
263 1249 491 1342 supraposui
524 1250 733 1340 testimonio,
770 1249 999 1344 cognoscimus
1017 1245 1253 1322 ‘incedemus

139 1348 207 1419 dici
231 1349 267 1420 in
291 1348 468 1444 tlreologeo
491 1348 608 1424 levem
634 1352 758 1423 animas
783 1350 971 1422 Memnonis
998 1351 1253 1445 abpueAebillis

138 1448 174 1522 in
191 1450 322 1524 ,trutina
347 1449 596 1546 ponderantem,
626 1451 829 1525 adstantibus
853 1452 1018 1547 utrimque
1045 1451 1191 1530 Thetide
1217 1460 1252 1526 et
1392 1529 1393 1536 χ

138 1551 295 1640 Aurora,
320 1552 582 1647 supplicantibus
608 1577 669 1648 pro
696 1553 775 1624 liliis
802 1553 890 1642 suis,
924 1552 1000 1623 dum
1025 1553 1077 1623 illi
1102 1554 1190 1626 inter
1215 1577 1251 1628 se
1345 1555 1357 1570 ”

81 1716 85 1726 f
138 1649 349 1732 dimicabant.
400 1650 441 1726 Si
466 1654 549 1726 baec
573 1654 718 1726 fideliter
742 1653 848 1726 relata
866 1662 970 1744 suut,
995 1651 1110 1725 Iovem
1136 1655 1253 1728 credas

137 1752 266 1850 ipsum
299 1764 335 1826 nt
360 1755 446 1851 apud
472 1753 672 1846 Homerum,
702 1755 823 1828 librom
845 1779 943 1826 manu
968 1757 1126 1827 tenuisse.
1178 1755 1254 1828 Ve-

137 1877 216 1928 reor
254 1864 379 1928 lernen·
404 1866 441 1929 ut
473 1858 572 1935 uerba
600 1856 781 1954 premenda
800 1857 880 1928 sint
919 1856 1034 1928 borum
1068 1865 1250 1948 auctorum,

137 1979 237 2054 quum
262 1957 295 2028 in
323 1982 482 2030 rasorum·
499 1959 657 2054 picturis,
686 1957 771 2054 qnod
799 1958 1046 2030 conuenientius
1072 1966 1123 2031 est
1148 1959 1252 2028 nmio-⁸

135 2057 354 2150 antiocus,
391 2060 579 2132 Mercurius
606 2069 716 2132 teneat
740 2059 870 2144 libram.
923 2057 984 2132 Sic
1009 2061 1042 2129 in
1070 2059 1252 2132 Winckel-

134 2160 245 2234 manni
269 2159 496 2234 Monumentis
513 2163 665 2258 antiquis
692 2162 822 2258 pictura
850 2163 933 2236 133.
960 2161 1058 2234 babet
1083 2161 1258 2236 sedentem
1327 2199 1329 2210 ν

134 2259 361 2353 Mercurium,
397 2265 431 2336 in
458 2264 605 2334 lancibus
633 2273 760 2353 eutem,
794 2285 874 2357 ques
900 2263 959 2332 ille
985 2263 1099 2354 librat,
1126 2263 1250 2335 animas

134 2362 280 2434 Acbillis
307 2373 341 2436 et
361 2363 576 2453 Memnonis,
610 2362 872 2458 accidentemque
899 2363 1076 2434 sollicitum
1105 2362 1145 2434 de
1170 2363 1250 2441 Μο-,
1282 2393 1320 2456 ¹,

134 2464 463 2562 mnoncApellinern.
481 2463 659 2562 Adscripta
668 2462 1037 2536 suutnominaEtrusca
1047 2463 1124 2535 TV
1122 2463 1249 2553 RMS,

135 2565 294 2652 AXAE,
323 2564 479 2653 EM&
505 2565 675 2652 AHAV,
702 2565 881 2660 mirumque
908 2564 1022 2634 matris
1044 2565 1173 2634 nonune
1190 2565 1250 2636 dc-

136 2656 262 2762 signari
286 2665 510 2738 Merunonem.
563 2665 624 2738 Sic
650 2666 746 2737 etiam
774 2666 857 2760 apud
877 2662 1041 2736 Lennium
1069 2656 1113 2736 de‘
1135 2665 1249 2760 lingua

116 2765 282 2840 'Etrusca
307 2767 355 2839 T.
382 2767 433 2838 11.
467 2767 534 2839 tab.
560 2766 648 2841 XII.
675 2770 712 2839 4.
763 2764 806 2837 In
832 2766 979 2838 Passerii
1006 2775 1111 2837 autem
1139 2767 1250 2861 pictu-
1292 2843 1296 2860 Ι

134 2868 183 2942 ris
216 2868 369 2952 Etruscis
402 2867 566 2942 111111.
600 2870 668 2941 teb.
696 2870 797 2953 262„
818 2879 851 2948 et
883 2869 917 2940 in
949 2867 1077 2938 Millini
1110 2869 1262 2962 picturis,

82 2975 84 2982 “
134 2993 287 3044 uasorum
320 2973 526 3068 eruti‘quorum
560 2971 608 3043 Τ.
634 2970 666 3042 Ι.
693 2971 760 3042 tub.
790 2970 856 3044 19..
872 2970 934 3061 ¹ubi
968 2971 1076 3041 crines
1108 2970 1171 3040 sibi
1196 2970 1249 3042 la·

18 3095 20 3100 ·
134 3073 229 3144 niens
248 3073 333 3168 lugit
346 3076 490 3162 Aurora,
517 3073 654 3147 inferior
671 3097 747 3169 pars
764 3073 914 3168 picturae
931 3079 1114 3168 pugnantes
1135 3077 1249 3144 osteu-

135 3173 185 3244 dit
209 3175 373 3246 Achillem
407 3185 440 3246 et
465 3175 690 3248 Memnonem.
747 3172 837 3246 Hine
870 3173 1021 3246 fortassis
1055 3180 1126 3263 est,
1161 3171 1248 3269 quod

133 3272 340 3346 Welckerus
367 3277 467 3347 etiam
489 3277 524 3346 in
550 3300 669 3365 scene,
706 3275 793 3346 dum·
815 3275 941 3346 animae
973 3273 1245 3370 ponderarontur,

134 3397 195 3448 ees
227 3399 393 3471 pugnasse
424 3378 572 3471 putabat.
631 3373 721 3448 Sane
747 3375 833 3446 nibil
854 3375 1010 3470 impedit,
1045 3376 1123 3470 quin
1149 3375 1246 3447 etiem

85 3507 87 3514 ·
133 3478 333 3573 Aeschylus,
360 3478 458 3548 sicuti
474 3475 654 3572 Homerus,
680 3499 720 3550 ee
745 3476 820 3572 ipso
846 3482 1006 3571 tempore,
1033 3497 1098 3570 que
1118 3497 1247 3570 pogna-

131 3579 249 3671 batur,
276 3580 400 3650 animus
426 3579 574 3650 lancibus
599 3577 724 3674 imponi
749 3575 885 3650 iecerit:
922 3575 980 3648 sed
1007 3576 1080 3671 quis
1107 3575 1246 3668 dubitet,

23 3708 26 3716 ·
132 3681 213 3778 quin
240 3681 280 3752 de
307 3680 431 3780 dupbus
456 3680 554 3752 luctis
578 3680 626 3769 id,
653 3678 741 3775 qued
767 3687 842 3774 epte
870 3678 975 3751 oculis
993 3676 1109 3750 subiici
1124 3678 1245 3774 potuit,

132 3783 351 3880 conspiciin
381 3805 499 3873 scena,
535 3781 773 3872 illudentem,
813 3779 901 3876 qued
931 3779 1055 3851 rectius
1088 3777 1244 3866 describi,

135 3909 231 3982 quom
263 3885 408 3982 spectari
439 3884 662 3980 intelligeret,
696 3882 736 3954 ab
767 3882 889 3954 nuncio
921 3881 1045 3979 erponi
1076 3873 1246 3954 noluerit?
1302 3910 1304 3922 ·

135 3985 311 4060 Caeterum
342 3986 468 4058 similes
500 3986 569 4058 illis
602 4005 684 4082 quas
709 3984 781 4058 dixi
810 3983 949 4081 picturis
974 3983 1073 4056 etiarn
1090 3983 1184 4056 ,eliae
1209 3991 1245 4054 et

133 4089 347 4184 perantiquae
373 4087 517 4166 fument.
568 4082 609 4159 In
635 4084 893 4182 arneGypseli,
928 4093 966 4158 ut
989 4084 1172 4159 Pausaniae
1197 4083 1244 4160 ait

65 4224 68 4232 1
135 4187 184 4259 V.
213 4189 274 4278 19,
301 4183 335 4263 1'.
359 4188 516 4284 ’Λχιλλιῖ
536 4187 600 4262 καὶ
619 4187 794 4280 Μέμνονι
816 4185 1040 4282 μαχομένοις
1063 4179 1244 4280 nupsero}-

134 4312 245 4363 rreow
271 4287 310 4362 αἱ
334 4289 493 4387 μητέρες.
543 4291 592 4364 Et
615 4289 810 4386 Olympiae,
846 4301 882 4362 ut
914 4290 1000 4362 idem
1026 4285 1170 4383 scripsit
1193 4283 1292 4359 V.l2

136 4391 199 4482 22,
225 4396 263 4466 2.
298 4389 398 4488 παρὰ
423 4391 467 4465 τὸ
487 4385 726 4486 Ἱπποδάμιον
748 4386 979 4485 καλούμενον
996 4383 1096 4482 λίθῳ
1114 4411 1154 4458 τι
1168 4380 1243 4486 fld-

177 4503 370 4577 11111101.
390 4505 460 4575 vlu
712 4561 714 4567 ,
1011 4499 1040 4566 Ζ
