3076 5046
176 465 183 484 ,
225 436 229 444 .
296 393 363 462 alo
516 397 566 458 nn
587 395 773 458 insenum
793 399 982 460 rumonus
1004 399 1203 486 rrmrmrs.

340 640 343 644 .
423 561 631 660 ἆαίραυνον
655 563 823 665 ἄρουραν
845 555 1051 662 ἐνἠίιισίιον

311 683 313 690 ’
423 663 622 742 ἀπέλειπεν.

272 815 391 910 ·Quac
416 818 469 889 rel
484 816 621 890 Adrasti
646 815 745 890 rerba
765 843 837 890 esse
854 825 1044 916 potuerunt,
1073 818 1137 910 rel,
1164 818 1194 890 si
1213 817 1301 914 idem
1321 817 1410 916 quod

295 918 469 1016 Euripidis
485 917 681 1016 Supplicum
707 930 932 1016 argumentum
950 920 1026 1012 suit,
1052 919 1225 992 Euadnae.
1276 919 1325 993 Et
1345 921 1410 993 boe

296 1021 428 1118 quidem
467 1047 534 1093 non
568 1020 697 1094 videtur
729 1021 870 1093 dubitari
904 1045 1023 1118 posse,
1068 1031 1293 1118 argumentum
1325 1023 1410 1095 illud

295 1124 403 1221 ipsum
435 1122 559 1214 fuisse,
601 1122 689 1218 quod
720 1123 755 1194 in
781 1121 996 1220 supplicibus
1029 1125 1183 1196 tractavit
1215 1123 1409 1222 Euripides.

294 1223 380 1298 Nam
406 1225 456 1296 sie
483 1224 609 1295 demum
635 1225 740 1296 iustus
762 1226 859 1297 rebus
878 1221 1049 1296 Thebanis
1070 1225 1147 1296 finis
1169 1226 1409 1322 imponebatur,

294 1327 326 1400 si
352 1326 540 1422 sepulturae
566 1325 774 1398 traderentur
800 1327 854 1424 qui
880 1327 940 1397 illo
964 1327 1104 1399 inbelle
1126 1327 1411 1400 caesierautllr·

155 1473 157 1484 ·
296 1429 377 1525 givi.
429 1425 511 1499 Fuit
534 1427 639 1524 igitur
663 1429 722 1499 illa
746 1427 858 1501 fabula
882 1425 1069 1520 Eleusinii,
1104 1428 1144 1499 de
1171 1453 1235 1524 qua
1255 1430 1411 1512 luculen-

296 1539 366 1602 tum
398 1537 509 1603 exstat
542 1530 762 1602 testimonium
795 1529 968 1602 Plutarchi
1000 1530 1036 1604 in
1068 1529 1206 1610 Theseo
1227 1555 1313 1627 ¹cop.
1347 1523 1410 1605 29.
1528 1559 1529 1594 ι

295 1628 497 1727 συνέπραξε
530 1626 572 1704 δὲ
603 1627 667 1704 καὶ
691 1627 883 1728 Ἀδράστῳ
915 1629 986 1726 τὴν
1018 1629 1211 1726 ἀναίρεσιν
1234 1638 1313 1726 τῶν
1337 1629 1408 1706 uini

295 1739 341 1828 τῇ
367 1729 538 1828 Καδμείᾳ
564 1727 774 1820 πεσόντων,
809 1732 897 1826 οὐχ,
931 1729 984 1814 οἷς
1009 1730 1212 1830 Εὐριπίδης
1242 1732 1411 1830 ἐποίησεν

172 1863 175 1874 ’
293 1835 337 1908 ἐν
361 1832 566 1934 τραγῳδίᾳ,
590 1829 692 1928 μοίχῃ
711 1841 790 1908 τῶν
807 1831 983 1930 Θηβαίων
1003 1830 1199 1930 κρατήσας,
1226 1833 1319 1907 ἀλλὰ
1333 1833 1411 1910 πεί-

296 1958 364 2032 σας
388 1936 452 2008 καὶ
477 1930 733 2029 σπεισάμενος·
769 1933 866 2009 οὕτω
898 1933 971 2036 γὰρ
1007 1936 1227 2008 οἱπλεῖστοι
1253 1936 1410 2038 λέγουσι.

295 2035 344 2108 Et
369 2036 482 2133 penho
509 2042 604 2131 post:
640 2034 760 2134 ταφαὶ
793 2033 833 2110 δὲ
859 2043 937 2111 τῶν
963 2033 1033 2130 μὲν
1058 2040 1213 2131 πολλῶν,
1230 2039 1271 2112 ἐν
1289 2039 1411 2112 Ἐλευ-

294 2139 427 2232 θεραῖς
451 2133 683 2229 δείκνυνται,
717 2144 796 2210 τῶν
821 2135 862 2211 δι’
887 2133 1083 2239 ἡγεμόνων
1107 2136 1189 2236 περὶ
1206 2137 1411 2228 Ἐλευσῖνα,

294 2235 361 2312 καὶ·
382 2243 493 2312 τοῦτο
516 2237 662 2336 Θησέως
685 2234 879 2338 Ἀδράστῳ
901 2239 1166 2336 χαρισαμένου.
1210 2250 1411 2339 ’καταμαρ-

294 2345 450 2436 τυροῦσι
475 2336 517 2412 δὲ
542 2346 620 2413 των
644 2339 850 2438 Εὐριπίδου
872 2339 1054 2415 Ἱκετίδων
1079 2340 1141 2415 καὶ
1168 2341 1203 2415 οἱ
1221 2339 1412 2438 Αἰσχύλου

287 2438 503 2516 Ἐλευσίνιοι
510 2451 525 2530 ,’
551 2443 597 2516 «ἐν
623 2437 677 2525 οἷς
701 2449 820 2516 ταῦτα
846 2444 964 2546 λέγων
997 2441 1017 2516 ὃ
1047 2441 1184 2538 Θησεὺς
1208 2445 1410 2542 πεποίηται.

294 2542 351 2616 Ita
375 2543 458 2616 boec
484 2544 668 2617 emendavit
693 2545 816 2618 amicus
839 2569 943 2638 meus,
971 2541 1013 2616 C.
1030 2543 1194 2638 Simonis,
1220 2545 1297 2636 καὶ,
1324 2547 1411 2646 quod

296 2651 372 2738 ante
398 2650 518 2718 ταῦτα
543 2646 726 2742 legebatur,
755 2656 830 2720 ante
858 2647 892 2720 οἱ
908 2639 1098 2741 Αἰσχύλου
1117 2645 1332 2723 Ἐλευσίνιοι
1355 2675 1410 2740 re-

295 2751 421 2846 posito.
464 2745 674 2820 Communem
703 2755 737 2820 et
762 2749 849 2846 apud
875 2750 1051 2846 plerosque
1075 2749 1273 2822 celebratam
1293 2751 1411 2822 famam

296 2858 455 2948 sequutus
482 2857 553 2920 erat
580 2843 776 2944 Aeschylus.
826 2847 1028 2948 Euripides,
1065 2849 1190 2947 utqui
1215 2853 1411 2949 postillum

296 2975 369 3022 eam
394 2975 463 3021 rem
488 2949 524 3022 in
549 2974 681 3022 scenam
706 2949 857 3044 afferret,
891 2977 933 3024 ne
967 2960 1078 3023 vetera
1102 2961 1254 3049 repetere
1281 2955 1411 3027 videre·

296 3057 364 3144 mr,
391 3051 528 3122 alteram
554 3075 689 3147 eamque
715 3053 821 3124 minus
848 3054 1017 3150 vulgarem
1044 3052 1196 3125 adscivit.
1349 3139 1352 3145 Ι

398 3149 594 3222 Tractatum
621 3175 694 3222 esse
720 3152 759 3223 ab
777 3154 943 3250 Aeschylo
970 3154 1108 3226 alterum
1135 3181 1263 3253 quoque
1290 3154 1411 3230 bellum

106 3275 111 3284 ·
241 3347 245 3352 .
296 3252 493 3326 Thebanum
519 3252 712 3324 documento
739 3265 815 3328 sunt
829 3255 1002 3354 Epigoni.
1042 3255 1139 3346 Quod
1167 3259 1287 3330 bellum
1314 3285 1411 3355 quum

296 3355 507 3427 Alcmaeonis
534 3354 633 3427 ductu
659 3364 788 3450 gestum
815 3361 877 3451 sit,
908 3359 1005 3430 buius
1028 3357 1119 3431 ‘sacta
1145 3362 1227 3432 satis
1253 3363 1410 3432 materiae

153 3449 160 3460 ’
295 3457 455 3555 praebere
481 3447 585 3528 tribus
612 3459 813 3554 traegoediis
838 3469 1004 3557 poterant.
1056 3457 1183 3531 Verum
1209 3485 1273 3546 neo
1295 3463 1411 3558 prodi-
1528 3521 1529 3570 χ

250 3571 255 3580 “
285 3569 365 3657 τωο
391 3558 431 3630 ab
457 3558 598 3656 antiquis
625 3565 689 3650 est,
717 3584 799 3655 quae
823 3560 955 3634 fabulae
981 3584 1053 3632 cum
1079 3559 1246 3658 Epigonis
1273 3565 1412 3636 coniun-

297 3670 379 3732 ctae.
395 3659 530 3751 fuerint,
558 3668 592 3731 et
616 3685 657 3732 ne
683 3662 814 3734 nomina
841 3664 970 3758 quidem
996 3685 1079 3759 quae
1106 3666 1239 3760 cognita
1253 3665 1411 3738 habemus

296 3759 540 3856 tragoediarum
567 3761 690 3858 aliquid
716 3762 831 3835 indicii
856 3766 1027 3860 praebent.
1079 3763 1190 3854 Quare
1211 3769 1413 3863 exspectan-

298 3853 375 3934 dum
398 3862 510 3959 potius
535 3863 640 3936 donee
665 3864 743 3958 qnid
768 3865 863 3936 nuris
884 3866 1026 3962 repertis
1048 3867 1188 3940 testibus
1209 3869 1411 3961 innotescat,

299 3987 395 4058 quem
419 3965 511 4038 ranis
537 3964 808 4038 hariolationibus
833 3965 1081 4064 indulgendum.

682 4186 1031 4208 m
