3076 5046
499 415 557 496 aa.
586 413 815 500 sansana
1146 413 1211 484 aa
1330 371 1334 376 ’

104 603 179 676 area
195 575 344 678 Cypseli,
370 561 400 652 a¹
415 604 480 678 qna
505 604 602 680 qnam
628 589 765 684 propter
785 589 982 657 vetustatem
997 583 1208 677 monumenti,

104 691 171 756 tom
190 706 312 756 -versns
345 682 511 780 adscripti
538 683 726 764 testimonio
753 684 861 756 aliena
886 685 1017 757 videtur
1036 684 1208 783 'sphaerae

102 784 242 881 effigies.
289 783 353 856 ·Ac
377 785 489 858 nescio
522 809 564 858 an
595 785 777 858 Pausanias
797 785 890 883 ipse
912 785 1068 858 indicium
1094 785 1207 880 iaciat,

102 909 197 982 qnnm
222 885 364 960 scribat:
392 885 523 969 Ἄτλας
547 883 703 969 ἐπὶτῶν
724 885 840 983 ὤμων
855 885 951 960 κατὰ
966 885 1014 960 τὰ
1029 882 1209 988 λεγόμενα

101 982 263 1084 οὐρανόν
286 1013 325 1060 τε
351 986 470 1082 ἀνέχει
495 987 558 1062 καὶ
582 995 665 1090 γῆν.
715 987 832 1086 Neque
859 989 944 1062 enirn
977 1013 1021 1061 ex
1053 990 1106 1062 his
1131 1013 1209 1063 ver·
1293 1025 1297 1033 ·

101 1088 148 1162 lois
174 1089 208 1162 id
235 1089 322 1184 qnod
348 1088 552 1163 Latronnins
578 1089 791 1188 collegerim,
827 1089 987 1163 artificem
1013 1115 1052 1163 ea
1079 1113 1207 1187 qnaea

98 1191 205 1286 poetis
218 1190 353 1262 'tradita
378 1200 489 1265 essent
514 1193 741 1288 expressisse:
774 1192 838 1264 etsi
869 1194 954 1265 hanc
986 1192 1116 1265 minime
1133 1192 1208 1264 'lal-

99 1315 166 1364 sanr
190 1291 495 1389 interpretationem
521 1316 595 1366 esse
620 1294 746 1368 fateor:
779 1293 858 1385 scd,
891 1295 921 1366 si
945 1300 1048 1366 totam
1073 1302 1209 1368 senten·-¹

97 1391 175 1465 tiam
210 1393 473 1485 consideramus,
514 1418 597 1490 qnae
621 1395 728 1492 2hiace
763 1395 872 1467 verbis
912 1396 1097 1493 perscripta
1132 1403 1218 1482 estc,

89 1492 219 1586 Ἄτλας
243 1490 284 1568 dd
310 1493 369 1566 ἐπὶ
392 1490 464 1589 μὲν
487 1502 567 1568 τῶν
585 1487 701 1592 ὤμων
717 1494 813 1570 κατὰ
836 1493 884 1568 τὰ
899 1491 1077 1595 λεγόμενα
1094 1495 1207 1593 οὐρα-

94 1591 164 1669 νόν
191 1609 235 1698 ar
260 1593 381 1689 ἀνέχει
404 1593 469 1698 sat
497 1601 604 1710 ppo„
624 1596 726 1696 φόρει
757 1594 798 1674 ds*
822 1594 886 1682 eat
911 1594 968 1685 ,τὸ
984 1593 1208 1693 ‘apocalama

91 1702 211 1792 μῆλα·
243 1696 329 1769 lr'ane
353 1689 464 1795 potios
489 1702 630 1770 mentem
656 1697 829 1796 scriptoris
855 1688 957 1770 fnisse
977 1681 1208 1794 intelligimus,

91 1799 126 1870 in
153 1821 195 1870 eo
222 1797 352 1894 quidem
377 1821 581 1872 communem
607 1798 793 1896 opinionem
808 1815 811 1820 '
825 1808 997 1895 seqnntnm
1026 1822 1099 1870 esse
1124 1799 1209 1871 arti·

92 1899 208 1990 icem,
244 1907 297 1974 nt
313 1900 483 1972 Atlantem
514 1900 641 1976 laceret
666 1901 793 1973 caelum
827 1909 862 1972 ct
886 1908 1007 1972 terram
1031 1908 1207 1992 tenentem,

90 1999 175 2077 illud
201 2009 310 2077 aaron
336 2000 377 2077 de
403 2025 463 2074 sno
489 2000 677 2094 addidisse,
709 2010 747 2074 nt
771 2000 805 2074 ei
830 2001 928 2078 stiam
952 1997 1209 2099 pomallesps·

90 2101 199 2176 ridnm
223 2101 360 2176 ferenda
392 2103 531 2178 dederit.
589 2101 644 2178 Ita
669 2103 700 2176 ai
724 2103 807 2176 laec
820 2102 1104 2200 interpretamur,
1139 2127 1208 2179 non

91 2204 266 2284 desentm
290 2202 474 2295 Pausanias
500 2229 519 2278 a
545 2227 643 2278 versa
667 2204 754 2297 isto,
797 2204 853 2302 qni
885 2205 1030 2302 scriptos
1060 2204 1094 2280 in
1128 2225 1207 2280 area
1311 2242 1315 2251 ·

90 2305 165 2397 fait,
192 2304 274 2398 sed,
298 2305 481 2381 Homerum
505 2297 687 2402 respiciens
713 2326 811 2402 qnam
835 2306 932 2394 aocet
955 2303 1003 2379 nd
1027 2299 1230 2406 λεγόμενα-

90 2408 241 2506 scripsit,
266 2407 331 2480 hoe
356 2405 457 2497 dicet,
479 2414 641 2492 ¹servatae
656 2405 855 2478 Homericae
880 2407 1061 2481 narrationi
1086 2431 1203 2480 novam

90 2507 170 2607 qnid
195 2508 236 2582 ab
262 2505 391 2583 artifice
417 2531 491 2582 osae
516 2503 692 2581 adiectum.
743 2503 814 2582 Sed
840 2506 921 2581 satis
948 2506 989 2578 ds
1004 2507 1154 2582 Atlanta.
