3076 5046
312 363 369 450 'oo'
389 384 607 448 noscemus
628 385 896 456 ωιιοιοιιιιιιιι
916 387 1063 454 omres
1179 387 1246 459 m
1381 437 1387 444 .

132 545 346 643 σαλπικτιίς,
370 548 676 655 ίγκαῳαογριίῳος
689 556 740 636 sic
753 550 822 628 τὸν
838 549 1106 654 αὐτοκράτορα,
1130 553 1246 658 dmi»

131 681 223 750 μιαν
237 657 292 738 Ιεἰς
315 650 490 742 Μούσας,
515 653 664 751 ποιητὴς
687 659 738 738 εἰς
757 651 826 730 τὸν
842 652 1117 754 αὐτοκράτορα,
1142 657 1297 756 ποίη-15

131 781 189 852 μα
226 758 277 838 είς
314 752 382 838 τὰς
414 751 576 839 Μούσας
581 811 594 844 ,
636 752 812 854 ῥαψῳδός
817 811 849 853 ,Ι
872 755 1073 842 nodositas
1080 813 1093 848 ,
1133 763 1247 834 κιθα-

132 852 280 952 ριοτιίς,
315 855 508 957 τραγῳδὸς
538 865 698 942 παλαιᾶς
728 856 958 960 τραγῳδίας,
990 859 1139 957 ποιητὴς
1165 889 1248 937 και-

100 1056 102 1058 ,
130 964 199 1054 νῆς
222 955 441 1054 κωμῳδίας,
476 957 673 1056 ὑποκριτὴς
696 967 824 1056 καινῆς
846 959 1066 1058 κωμῳδίας,
1100 960 1249 1060 ποιητὴς

128 1066 260 1154 καινῆς
284 1058 513 1161 τραγῳδίας,
548 1059 745 1158 ὑποκριτὴς
768 1069 896 1158 καινῆς
920 1061 1149 1164 τραγῳδίας,
1178 1091 1247 1160 χο-

131 1157 290 1257 ραιίλας,
316 1158 516 1258 νεαρῳδιίς,
543 1158 847 1264 σατυρογράφος,
874 1162 937 1238 διὰ
962 1161 1126 1240 ιιιίντων.
1167 1167 1246 1254 ‚flio

129 1263 273 1336 maxime
299 1264 520 1336 memorabilis
545 1268 634 1349 uisus
667 1277 718 1338 est
742 1265 917 1338 Boeedrhio
951 1266 1144 1368 τραγῳδὸς
1173 1295 1246 1342 τια-

129 1369 236 1447 λαιᾶς
259 1362 482 1465 τραγῳδίας,
508 1365 775 1464 isqoeAspendo
802 1367 972 1459 oriundus,
998 1370 1053 1442 eui
1079 1369 1167 1466 quod
1190 1371 1245 1443 hi·

129 1466 214 1539 strio
239 1491 306 1538 non
332 1467 377 1538 sit
402 1466 563 1557 adiectus,
589 1468 711 1544 afuisse
737 1468 900 1541 actionem
925 1469 965 1540 nb
991 1471 1063 1542 eius
1086 1471 1244 1544 carmine.

127 1565 233 1640 Putat
265 1575 374 1638 autem
407 1591 427 1638 a
461 1567 666 1641 describente
699 1570 871 1663 neglectos
904 1593 978 1642 csse
1007 1571 1090 1644 dnos
1114 1595 1243 1666 uersus,

128 1668 248 1764 quibus
280 1669 464 1741 nominatus
501 1669 601 1741 fucrit
631 1666 812 1766 κωμῳδὸς
843 1676 1002 1752 παλαιᾶς
1032 1671 1243 1767 κωμῳδίας.

127 1769 209 1861 Qui¹
222 1792 326 1843 nouae
351 1769 542 1842 comoediae
566 1771 822 1867 tragoediaeque
855 1781 974 1868 poetae
1007 1780 1041 1844 ct
1065 1773 1244 1848 histriones

125 1871 356 1963 nominantur,
393 1894 506 1944 ornnes
540 1896 615 1946 esse
640 1873 882 1964 Athenienses,
919 1884 1101 1968 satyrorum
1135 1883 1244 1950 antem

125 1974 324 2070 scriptorem
357 1997 472 2045 rursus
495 1972 681 2067 Boeotum,
715 1975 837 2072 qnippe
861 1997 923 2070 per
948 1971 1244 2072 οιιοιοιιιὛμῆτ-

126 2099 208 2148 τιον
240 2099 301 2172 pro
330 2068 492 2169 Ὑήττιον
524 2099 598 2148 esse
632 2076 804 2173 scripturn.
862 2073 953 2150 Hinc
986 2077 1063 2174 quid
1095 2079 1242 2174 apertius

127 2199 216 2267 esse,
250 2179 345 2272 quarn
371 2175 435 2250 duo
462 2176 591 2250 diversa
617 2176 865 2252 commemorari
891 2178 1083 2274 tragoediae
1108 2204 1243 2259 cosnec·

127 2277 266 2375 diaeqne
292 2301 434 2374 genera,
472 2301 574 2375 eaque
600 2280 700 2352 etiam
723 2279 846 2351 ueteris
880 2287 914 2352 et
938 2279 1017 2352 novi
1041 2282 1242 2377 appeliatio-

125 2379 222 2452 nibus
249 2371 433 2452 distincta?
466 2380 681 2474 nequeenim
709 2379 793 2470 iore,
821 2379 877 2474 qni
895 2379 935 2450 de
953 2404 1006 2470 ea,
1033 2405 1117 2476 quoe
1132 2384 1241 2456 Athe·

125 2480 179 2554 nis
206 2487 299 2553 retus
325 2487 360 2552 et
384 2502 470 2550 nore
495 2478 665 2552 comoedia
690 2479 779 2550 dieta
803 2478 915 2568 fuerit,
943 2480 1152 2574 cogitandum
1176 2508 1241 2579 pn·

124 2589 188 2654 tet.
240 2579 404 2654 Similiter
428 2580 463 2651 in
488 2580 555 2652 alia
578 2579 812 2674 inscriptione,
844 2579 881 2650 in
904 2579 1069 2652 Helicone
1093 2581 1239 2674 inventa,

124 2685 180 2778 (n.
210 2683 320 2758 1586.
340 2704 389 2777 p·
414 2683 519 2776 tea.)
552 2680 747 2776 tragoedum
780 2678 1008 2770 Corinthium,
1048 2681 1239 2756 comoedum

115 2783 375 2874 malioniensem,
401 2780 461 2852 sed
486 2781 608 2854 nnllam
634 2781 795 2854 actionem
823 2779 1032 2854 dramaticum
1051 2783 1239 2858 memorari.

107 2871 204 2959 xldoc
228 2884 358 2981 quidem
381 2883 569 2980 exemplum
594 2889 710 2956 contm
730 2907 767 2954 se
784 2881 895 2955 attolit
911 2881 1114 2956 Bocckhius.
1153 2883 1240 2960 Nam

124 2988 156 3061 si
182 3010 227 3059 ex
251 2987 358 3084 patria
382 2994 502 3083 poetae
528 2986 713 3072 cantoriste
740 2984 780 3056 de
805 3008 927 3081 genere
949 2984 1103 3058 cuminis
1123 2986 1239 3060 conie-

125 3097 253 3164 cturam
275 3088 369 3180 facit,
397 3086 475 3184 quid
500 3087 590 3160 aliod
615 3084 776 3185 sequitur,
803 3110 898 3183 quam
917 3094 975 3158 aot
989 3087 1090 3160 istum
1105 3111 1238 3162 comoe-
1344 3171 1348 3179 Α

124 3191 202 3264 dnm
225 3182 459 3264 Atheniensem
485 3215 551 3263 nou
579 3190 740 3262 cecinisse
773 3189 908 3284 lyricam
934 3189 1078 3285 aliquam
1103 3214 1238 3264 οοιαοο-
1270 3205 1273 3218 ’
1351 3273 1356 3284 s

104 3291 211 3372 „diam
225 3286 452 3381 horiendum,
478 3300 537 3363 ant
559 3289 677 3366 falsam
701 3314 776 3362 esse
802 3313 897 3385 qnae
911 3314 953 3362 ex
979 3290 1089 3387 petria
1113 3291 1154 3365 de
1175 3315 1237 3389 ge·
1301 3375 1305 3384 ,
1341 3305 1345 3322 ’

87 3377 107 3410 ”
123 3416 205 3468 nere
230 3390 384 3464 carminis
409 3391 599 3464 coniectura
623 3383 800 3486 capiatur?

225 3491 302 3566 Non
320 3490 452 3565 ¹nooreri
482 3514 519 3562 se
550 3490 602 3561 his
633 3490 815 3562 rationibus
847 3490 1018 3586 professus
1044 3501 1096 3564 est
1119 3489 1235 3566 Lobe-

124 3595 239 3672 ekins:
255 3617 340 3666 nam
365 3588 563 3692 τραγῳδὸν
587 3597 746 3672 παλαιᾶς
759 3588 972 3691 τραγῳδίας
985 3592 1236 3687 intelligendum

124 3721 200 3772 esse
233 3697 290 3793 qni
320 3692 445 3791 aliquid
476 3717 520 3766 ex
552 3693 662 3787 aliqua
688 3699 798 3763 uetere
831 3692 1003 3787 tragoedia
1025 3692 1233 3786 recitaverit,

122 3808 255 3898 poetam
287 3804 394 3870 estem
426 3800 554 3889 καινῆς
585 3789 796 3892 τραγῳδίας
826 3800 861 3866 et
884 3799 1014 3887 καινῆς
1036 3793 1246 3891 κωμῳδίας

123 3925 199 3974 esse
225 3923 311 3993 eum,
337 3896 394 3995 qni
418 3893 697 3970 novamnecdum
723 3903 833 3967 notam
859 3893 1000 3968 sedulam
1013 3895 1232 3992 producerctt

122 4001 227 4075 molto
253 4002 385 4099 saepius
410 3998 495 4070 cuim
519 3992 735 4097 spoponderis
758 3988 954 4084 παλαιούς,
986 3996 1012 4068 i.
1037 4021 1069 4070 c.
1094 3996 1233 4076 παλαιὰ

122 4096 300 4201 δράματα
323 4094 552 4203 είςιίγονται,
583 4098 788 4172 introductos
813 4096 919 4170 rideri
951 4121 1046 4196 quam
1068 4094 1232 4189 καινούς,

124 4206 167 4279 ob
193 4227 348 4278 summam
380 4202 580 4302 tragicorum
610 4201 828 4298 paucitatem,
864 4223 959 4296 quam
990 4209 1131 4274 testetur
1154 4199 1231 4274 Ln-
1277 4207 1279 4218 “

124 4307 252 4396 mnus,
284 4305 320 4377 in
353 4308 498 4380 encom.'
513 4302 689 4377 Demosth.
722 4326 754 4374 o.
780 4305 842 4376 27.
874 4302 1042 4376 scribensa
1081 4299 1144 4374 καὶ
1174 4307 1229 4398 τῷ
1277 4359 1283 4376 ι
1364 4369 1369 4376 ,
1422 4367 1433 4394 ,,

123 4403 298 4505 Διονύσῳ
329 4431 373 4480 το
403 4403 473 4501 μὲν
503 4402 651 4501 ποίησιν
680 4401 812 4500 καινὴν
843 4407 961 4478 ποιεῖν
983 4398 1230 4500 κωμῳδίαςῆ

167 4519 456 4591 fflmmffl.
681 4561 684 4572 .
998 4517 1104 4583 P'
