3086 5050
256 321 528 432 mansuroso
548 358 895 442 maneumnnousne
914 363 1114 438 nmmum
1178 357 1243 433 aas
1376 345 1380 351 ’

128 535 199 612 lari
230 533 417 610 uideantur.
479 531 655 608 Eiusmodi
686 539 894 607 monumenta
926 541 989 608 noc
1019 531 1244 630 magnitudine

129 663 194 712 nec
216 637 431 736 pretiositate
449 659 512 710 neo
544 634 723 732 splendore
751 661 838 733 optus
862 636 1002 710 haberes
1036 637 1117 733 quin
1142 659 1244 734 saepe

130 763 196 838 quo
222 739 426 836 simpliciora
457 746 555 834 atque
572 737 766 811 'incultiora
797 739 884 829 nint,
920 763 960 811 eo
986 739 1091 836 nnagr's
1116 739 1244 846 anites
1353 831 1354 834 Ἴ
1492 748 1496 754 ’

130 841 329 916 commoveri
354 839 657 936 contemplantium.
707 840 760 912 Ac
784 840 935 936 proiecto
961 841 1025 914 lunc
1050 840 1245 924 dicuntuos

129 943 275 1020 tissime.
330 940 402 1015 Vel
431 941 643 1040 rubiginosos
668 942 776 1032 ensis,
810 965 906 1039 quern
931 943 983 1014 uir
1006 941 1105 1014 lortis
1130 950 1245 1040 gesta·

129 1045 236 1136 uerit,
277 1051 334 1118 aut
365 1042 447 1116 rude
481 1066 598 1130 sanum
627 1044 806 1116 memoriae
839 1067 957 1118 mussa
972 1057 976 1072 '
988 1045 1132 1141 positum
1166 1051 1246 1117 san·
1303 1128 1306 1136 f

130 1149 277 1222 cu'tatem
313 1143 483 1242 quamdam
508 1145 627 1237 lubet,
664 1141 760 1240 quale
792 1146 879 1242 quod
911 1146 948 1218 in
979 1146 1099 1218 ricinia
1130 1153 1246 1238 nonus

130 1249 174 1322 ad
211 1247 297 1320 uiaru
337 1246 500 1344 publec-
535 1245 599 1319 doo
639 1270 701 1343 per
732 1249 852 1322 secula
876 1247 999 1320 locum
1030 1247 1246 1340 monstrabat,

64 1385 65 1390 ¹
131 1373 198 1448 qao
225 1349 266 1422 'iu
297 1371 411 1446 pugna
439 1347 565 1422 cecidit
595 1373 657 1420 rex
683 1347 854 1428 Gustarus
878 1348 1068 1446 Adelphos.
1127 1348 1246 1446 Itaque

131 1477 198 1526 nun
214 1497 216 1504 ·
230 1458 322 1524 recte
355 1450 475 1541 obiici,
511 1448 599 1545 quod
626 1449 818 1524 ¹huiusmodi
847 1461 1057 1524 monumenta
1088 1449 1247 1548 temptoria

132 1551 347 1634 diuturnitate
381 1551 608 1625 deformentur
640 1559 698 1623 aut
736 1553 955 1625 collabantur.
1022 1552 1108 1626 Nam
1141 1553 1248 1627 collass

132 1677 195 1752 psa
226 1654 358 1734 restitui
389 1677 511 1750 possea
547 1675 642 1748 quam
669 1661 785 1726 'autem
803 1653 1044 1726 deformitatem
1069 1662 1249 1726 contraxe-

133 1757 221 1846 rint,
261 1754 350 1827 luoud
381 1778 465 1827 araro
501 1753 600 1828 etiam
638 1778 763 1852 augere
786 1755 1020 1831 -neverentiam
1058 1755 1249 1828 testimonis

133 1855 321 1930 venstatis.
1165 1875 1195 1944 ·,

138 1989 142 1999 ’
250 1942 390 2054 cipitata
417 1964 481 2030 'est
517 1957 602 2030 haec
635 1957 862 2030 controversia
900 1958 1000 2052 ctiam
1031 1959 1066 2032 in
1104 1957 1250 2052 comitile

133 2057 301 2132 Ordinem
324 2057 514 2150 Senoniae,
541 2083 639 2154 quoru
665 2059 927 2152 consultaretur,
954 2060 1118 2156 pomcdo
1144 2061 1250 2143 lonc·
1511 2128 1514 2136 ,

101 2203 105 2209 -
134 2161 238 2237 rand
269 2168 360 2234 esset
391 2161 548 2234 memoria
573 2159 739 2235 Friderici
762 2161 909 2262 Augusti
940 2163 1045 2256 regis.
1094 2161 1181 2236 Nam
1196 2151 1298 2234 ‘dell

136 2287 177 2336 eo
211 2261 341 2358 quidem
373 2262 517 2358 populus
549 2262 721 2336 universas
748 2263 994 2355 consentiebat,
1028 2284 1161 2360 negem,
1196 2263 1254 2360 qui
1422 2265 1428 2276 '

136 2384 242 2462 prope
275 2362 537 2457 undesexaginta
568 2385 672 2434 annos
704 2371 796 2435 tanta
819 2363 966 2454 iustitia,
998 2371 1094 2436 tauta
1119 2365 1255 2460 sapien·

136 2467 206 2557 tia,
241 2471 334 2536 tanta
356 2463 400 2563 ‘in
432 2463 532 2535 rebus
565 2462 719 2547 secundis¹
749 2463 973 2541 moderatione
1003 2473 1040 2536 ct
1065 2465 1264 2557 clementia,

136 2569 175 2642 iu
198 2565 355 2638 adversis
370 2572 478 2637 autern
505 2563 698 2640 fortiturdinc
724 2571 759 2638 et
782 2566 968 2638 coustumia
988 2563 1172 2640 Saxonicum
1197 2589 1255 2638 re·

137 2669 265 2760 uisset,
305 2674 344 2738 ut
375 2667 562 2763 exemplum
597 2670 687 2740 esset
724 2667 803 2740 boni
834 2668 932 2763 regis
958 2675 1190 2764 aeternamque
1221 2667 1255 2739 ei

139 2769 284 2867 gretiam-
311 2768 429 2864 lupberi
450 2775 657 2865 oporteret,
703 2769 764 2842 tali
801 2767 996 2844 donandum
1016 2793 1098 2844 esse
1136 2793 1255 2842 monu-

138 2879 270 2962 mento,
304 2869 392 2966 quod
424 2869 476 2942 ad·
491 2871 709 2944 remotissima
734 2867 895 2966 tempora·
913 2871 1115 2943 luculentum
1141 2875 1277 2968 manee,

138 2980 193 3046 ret
218 2974 374 3045 mensum
399 2972 470 3045 eius
495 2972 731 3046 testimoninm.
781 2971 899 3068 Itaque
918 2996 1015 3069 quum
1041 2974 1152 3044 uariae
1173 2992 1256 3070 prc-
1323 2981 1326 2986 '

139 3075 270 3172 positae
302 3081 413 3151 essent
440 3075 654 3170 rogationes,
690 3073 896 3171 maximeque
929 3075 970 3148 dc
1002 3098 1043 3148 eo
1070 3074 1257 3170 annbigeue·

137 3189 215 3268 tur,
250 3183 358 3250 utrum
391 3177 424 3248 ei
455 3178 601 3250 salutare
633 3177 767 3271 aliquod
792 3177 998 3268 institutum,
1035 3201 1078 3259 an
1103 3178 1256 3250 columna

141 3284 206 3352 aut,
225 3284 335 3349 statua
359 3276 579 3369 dedicaretur,
594 3281 775 3373 'postremo
801 3300 842 3348 ea
867 3277 1031 3350 dissensio
1056 3279 1180 3374 optime
1205 3287 1258 3351 est
1398 3293 1402 3300 “
1498 3367 1500 3371 ι

140 3386 178 3453 et
208 3377 496 3474 providentissime
520 3377 569 3448 ita
594 3377 796 3474 composita,
833 3385 871 3448 ut
901 3403 968 3452 non
993 3379 1257 3474 sulunmriqse
1351 3394 1353 3400 '

141 3474 335 3552 sententiae
353 3478 550 3570 satisfieret,
592 3478 782 3558 sedetiam
811 3479 924 3552 neutri
956 3479 1132 3573 haberent,
1169 3477 1257 3581 quod

144 3582 323 3680 displicere
347 3581 463 3652 ulteris
496 3588 553 3654 aot
587 3580 627 3652 ab
652 3580 695 3654 iis
720 3580 900 3676 improbari
925 3590 1079 3677 poscet.¹
1112 3579 1198 3654 Nam
1222 3589 1258 3655 et

139 3691 256 3758 statua
279 3681 389 3756 fenea
415 3682 549 3756 decreta
573 3690 646 3773 est,
681 3705 765 3781 quse
795 3691 974 3778 pcuenetur
1004 3682 1077 3758 illa·
1095 3683 1131 3756 in
1150 3683 1257 3776 *urle

147 3810 230 3882 quae
256 3792 356 3881 caput
378 3781 548 3857 Senoniae
575 3792 645 3876 est,
679 3783 714 3854 in
740 3807 803 3878 qua
828 3784 886 3856 ille
912 3784 1087 3882 plurimum
1113 3809 1260 3858 commo·-

146 3888 300 3980 raluatur,
329 3893 364 3960 et
389 3885 578 3960 consecrari
602 3884 851 3982 placuitaedes
876 3893 1005 3958 statmo
1029 3885 1121 3960 illius
1147 3887 1259 3982 effigie

146 3988 321 4062 decoratas
353 3989 388 4062 iu
412 3996 526 4062 nostra
549 3987 651 4079 urbe,
688 4009 771 4084 qnae
802 3986 902 4060 aedes
934 3996 1046 4062 essem
1076 3989 1260 4061 necessita·
1453 4075 1455 4082 Ι

149 4087 237 4162 unns
269 4090 477 4166 Academicis
516 4089 711 4164 destinatae.
775 4087 829 4161 Ao
860 4089 1010 4186 proiecto
1049 4115 1115 4164 nun
1141 4091 1309 4186 ¹potnitl2

147 4198 207 4264 ‘ont
230 4193 325 4266 locos
350 4191 483 4289 dignior
507 4199 564 4264 aut
587 4215 667 4264 usus
693 4190 822 4264 aedium
847 4192 956 4290 aptior
972 4191 1126 4266 inveniri.
1175 4189 1261 4263 illanc

149 4294 208 4389 qui
239 4293 313 4390 ipsa
344 4317 411 4390 noo
443 4296 550 4368 solnm
582 4293 702 4366 exinde
733 4294 864 4366 amabat
879 4295 1043 4384 xlitteras,
1077 4291 1137 4393 sed
1157 4293 1262 4365 etiarn

151 4397 287 4493 egregie
326 4403 474 4469 versatus
512 4397 548 4468 in
577 4395 637 4468 iis'
664 4401 755 4486 erut,
796 4394 846 4468 ita
878 4403 917 4470 ut
948 4399 1060 4468 esseut
1090 4392 1261 4468 doctrinae
