3084 5050
429 439 480 500 nu
503 432 655 502 orrrcro‘
669 399 951 506 mrnarnurrs‘
1109 494 1112 498 .
1190 443 1234 512 aa

125 599 243 674 sidium
267 601 429 698 habeant,
455 607 509 678 rel
535 607 660 682 animos
686 609 963 708 contemplatione
986 609 1233 707 praeclarorum

87 765 92 774 ,
125 704 350 809 exemplorum
376 708 543 781 oblectent
567 718 664 807 atque
690 712 858 803 excolant,
883 736 950 785 non
971 712 1078 784 solum
1094 713 1234 809 potissi-

79 885 82 894 ,
124 829 194 876 mus
220 815 319 902 atque
344 809 546 902 uberrimus,
580 812 638 884 sed
663 813 896 910 propemodum
921 813 1038 886 unicus
1063 813 1157 906 lons,
1184 839 1229 888 ex

103 903 188 1002 'quo
213 908 346 980 illarum
371 935 479 983 rerum
506 914 728 1010 cognitionem
753 914 924 1006 hauriant,
960 915 995 987 in
1020 914 1154 1012 scriptis
1181 923 1233 988 cst

123 1009 330 1105 antiquorum
354 1015 558 1110 propositus.
609 1013 704 1088 llaec
730 1018 816 1089 enim
842 1041 886 1090 ex
912 1017 1139 1112 omnigenam
1159 1042 1233 1090 mo-

122 1120 361 1206 numentorum,
399 1139 481 1212 quae
507 1139 573 1188 non
599 1118 757 1215 temporis
784 1117 997 1192 diuturnitate
1022 1119 1232 1212 interierunt,

121 1233 187 1283 non
213 1214 311 1286 modo
342 1223 377 1288 et
408 1241 542 1289 numero
575 1219 718 1317 plurima
739 1228 827 1292 sunt
858 1228 892 1293 et
916 1221 1107 1316 integritate
1133 1243 1233 1317 prae·
1324 1285 1329 1299 ,

121 1319 228 1405 stant,
247 1329 360 1388 verum
385 1311 483 1390 etiam
509 1319 581 1392 sola
605 1321 803 1418 loquuntur,
830 1321 1062 1418 declarantque
1088 1329 1233 1414 caetera,

121 1437 205 1510 quae
237 1416 308 1489 sine
339 1420 382 1492 iis
416 1420 485 1492 fere
521 1445 621 1494 caeca
652 1432 729 1496 sunt
761 1432 858 1519 atque
891 1423 1031 1499 inutilia.
1081 1420 1231 1520 Exque

120 1524 271 1612 apertum
296 1526 361 1610 est,
386 1521 561 1594 lectionem
588 1531 684 1618 atque
710 1524 962 1620 intelligentiam
989 1547 1121 1616 eorum,
1148 1545 1232 1621 quae
1364 1591 1366 1602 .

119 1617 247 1713 scripta
272 1618 312 1689 ab
339 1621 482 1716 antiquis
506 1622 674 1714 habemus,
700 1624 944 1718 fundamentum
969 1648 1043 1695 esse
1059 1625 1231 1698 universae
1356 1633 1363 1645 '

118 1719 350 1814 antiquitatum
376 1722 546 1794 scientiae.
599 1721 822 1821 Consequitur
847 1749 941 1821 ergo,
968 1732 1006 1795 ut
1029 1723 1090 1796 illu
1107 1726 1232 1822 scripta

117 1821 290 1916 explicare
315 1831 414 1920 atque
438 1824 652 1921 interpretari
676 1826 711 1897 id
737 1828 793 1918 sit,
820 1825 855 1897 in
882 1851 945 1922 quo
964 1825 1141 1923 praecipue
1160 1827 1232 1898 ela·

117 1921 237 1992 borare
264 1932 417 2020 oporteat
449 1948 526 2018 eos,
564 1928 620 2023 qui
651 1936 742 2001 recte
777 1951 978 2024 cognoscere
1005 1926 1232 2022 antiquitatem
1336 1915 1339 1930 ’

117 2023 296 2096 voluerint.
346 2024 389 2100 In
415 2051 478 2124 quo
504 2029 625 2128 multos
652 2053 764 2102 errare
785 2030 1083 2120 animadvertimus,
1110 2030 1168 2124 qui
1181 2030 1231 2102 le·

117 2124 205 2196 riter
236 2133 270 2198 et
293 2151 360 2201 uon
392 2130 524 2225 penitus
550 2132 693 2228 cognitis
725 2142 871 2216 veterum
902 2131 1026 2228 linguis
1060 2133 1141 2203 satis
1168 2131 1231 2202 dn·
1305 2128 1318 2221 l

117 2233 216 2318 cunt,
250 2229 281 2299 si
312 2232 507 2302 sententiam
539 2234 735 2329 scriptorum
769 2233 1007 2330 quodammodo
1039 2233 1229 2328 intelligere
1274 2263 1278 2270 ·
1313 2224 1319 2346 l

116 2327 181 2398 sibi
208 2328 390 2403 videantur.
447 2331 533 2404 Nam
566 2359 664 2430 quum
690 2337 820 2407 omnino
853 2334 940 2405 haud
965 2333 1064 2406 facila
1087 2335 1154 2425 sit,
1194 2335 1230 2404 in
1287 2372 1290 2387 ·

115 2428 249 2526 linguas
275 2432 395 2505 dudum
422 2443 605 2524 amomuas,
640 2459 722 2530 quac
754 2460 821 2508 non
846 2459 909 2505 usu
935 2435 1124 2529 quotidiano
1150 2436 1253 2530 per-5

116 2530 203 2605 disci
226 2543 384 2628 possunt,
410 2535 458 2606 ita
483 2560 519 2606 se
544 2537 731 2627 insinuare,
746 2531 749 2540 '
764 2546 802 2607 ut
827 2535 1031 2629 singulorum
1057 2536 1228 2605 verborum

115 2641 150 2704 et
178 2632 310 2704 dicendi
341 2659 498 2730 generum
531 2637 692 2706 rationem
725 2659 764 2706 ac
796 2643 1000 2731 potestatem,
1026 2633 1123 2728 plane
1149 2656 1230 2728 per-

114 2740 265 2831 spectam
290 2735 479 2824 habeamus,
505 2742 571 2806 tum
590 2735 692 2826 multa
711 2735 895 2831 inscriptis
913 2734 1119 2830 antiquorum
1135 2757 1229 2804 rnen·-

114 2837 200 2907 dosa
225 2841 321 2925 sunt,
358 2857 441 2931 quae
474 2836 502 2907 si
537 2837 610 2933 quis
643 2847 700 2908 aut
731 2862 797 2909 non
833 2835 940 2908 videat
973 2834 1128 2931 corrupta
1153 2859 1258 2926 esse,

115 2945 173 3008 aut
199 2936 372 3008 emendare
397 2938 537 3029 nesciat,
563 2961 663 3036 saepe
689 2939 817 3012 accidat
842 2960 976 3010 necesse
1004 2944 1074 3028 est,
1111 2945 1148 3009 ut
1174 2938 1239 3046 rel·

115 3038 206 3129 aliud
233 3040 286 3110 rel
312 3039 410 3111 etiam
436 3041 635 3112 contrarium
655 3041 726 3113 eius
750 3041 836 3138 quod
861 3041 913 3112 illi
930 3039 1111 3136 scriptores
1129 3038 1228 3110 dixe·

115 3148 204 3230 runt,
231 3141 354 3212 dictum
378 3142 419 3212 ab
443 3143 486 3214 iis
513 3167 586 3214 esse
613 3143 781 3241 credatur,
830 3143 905 3235 Quo
923 3141 996 3213 ficri
1015 3165 1080 3214 non
1100 3149 1225 3238 potest,

115 3243 194 3337 quin
220 3267 316 3338 quum
344 3243 475 3315 omnino
491 3243 596 3316 falsae
617 3269 802 3343 pravaeque
821 3245 992 3342 opiniones
1016 3244 1125 3314 animo
1144 3267 1225 3315 con·
1279 3296 1285 3305 ι

11 3411 14 3425 ,
116 3343 299 3440 cipiantur,
336 3352 425 3434 tum,
451 3346 481 3416 si
502 3369 550 3416 ‘ex
575 3347 660 3416 male
685 3347 864 3418 intellectis
890 3345 998 3416 verbis
1024 3344 1077 3414 vel
1103 3343 1224 3416 adres

114 3445 297 3530 historicas,
324 3446 378 3516 vel
403 3444 453 3515 ad
487 3469 719 3542 quamcumque
745 3448 842 3518 aliam
868 3447 1072 3543 antiquitatis
1097 3453 1225 3541 partem

116 3547 344 3643 explicandam
370 3546 557 3617 testimonia
582 3554 686 3644 atque·
706 3555 898 3643 argumenta
922 3555 1088 3644 petantur,
1114 3547 1226 3618 inania

116 3655 299 3720 commenta
323 3642 540 3744 proveniant,
575 3649 691 3743 quidus
718 3649 773 3743 qui
798 3647 895 3720 fidem
920 3649 1057 3738 habeat,
1092 3647 1132 3718 al
1157 3671 1223 3720 uno

45 3749 49 3758 ’
116 3749 158 3820 ad
184 3751 284 3822 alium
309 3750 463 3845 deinceps
489 3747 635 3820 er‘ror'em
661 3749 870 3822 abducam.-
903 3749 1000 3840 Quod
1026 3751 1056 3820 si
1080 3747 1162 3820 illud
1188 3750 1223 3820 in

116 3875 180 3947 quc
207 3853 377 3924 elaborare
403 3850 553 3941 deleant,
579 3851 697 3947 quise
722 3849 913 3948 plrilologos
938 3848 1075 3922 eradere
1095 3851 1222 3940 volunt,

11 3955 12 3960 ’
115 3951 719 4050 potissimuminterpretatione-atque
738 3953 962 4024 emendatione
976 3950 1223 4024 veterum'scri-

10 4145 11 4156 ἵ
115 4061 247 4150 ptorum
271 4056 469 4144 continetur,
495 4053 542 4124 ita
568 4055 667 4150 nobis
688 4055 769 4128 lraec
793 4054 928 4151 negotia
953 4053 1024 4124 visa
1049 4064 1126 4126 sunt
1151 4051 1222 4124 dis-

117 4156 288 4229 trilmenda
313 4181 399 4248 esse,
426 4164 462 4227 ut
476 4153 640 4228 Societati
657 4155 809 4230 Graecae
827 4156 961 4229 criticae
988 4155 1068 4227 artis
1093 4155 1128 4225 in
1149 4155 1221 4250 pri·

36 4255 41 4265 ’
116 4257 177 4330 mis
202 4260 443 4349 tractationem,
470 4257 505 4329 in
532 4280 596 4354 quo
622 4283 744 4354 genere
770 4283 902 4355 semper
924 4259 995 4330 eius
1022 4254 1221 4328 studiaver'·

117 4367 188 4431 sata
214 4368 302 4450 sunt,
327 4361 600 4456 relinqueremus,
624 4359 926 4456 interpretationem
942 4369 1062 4447 autem,
1085 4355 1218 4426 delecto

117 4459 227 4557 aliquo'
252 4461 434 4560 scriptore,
467 4462 503 4534 in
535 4485 600 4560 qua
633 4461 755 4556 singuli
787 4461 941 4557 deinceps
973 4452 1218 4552 interpretanda
