3076 5046
293 415 345 474 ur
366 413 583 478 ruscorum
605 413 873 484 conounrsoun
894 413 1041 476 trauca,
1123 393 1126 400 '
1155 411 1220 482 aar

114 579 172 654 sod
197 589 306 654 tamen
329 590 368 654 ut
391 582 465 679 ipss
491 581 631 674 dubitet,
657 589 857 679 quaeratque
882 602 922 652 an
948 579 1072 653 istuad
1091 589 1221 680 poetas,

112 688 220 778 καινῇ
243 679 425 780 κωμῳδίᾳ
458 693 566 756 autern
598 684 638 754 ad
671 692 800 756 actores
826 683 1122 775 asseuerauit,
1158 707 1221 780 ego

135 784 240 856 uidem
267 789 372 878 κοινῇ
398 786 523 881 scripta
543 784 646 858 fuisse
662 784 805 876 credam,
831 794 867 856 ut
881 793 1013 881 praeter
1028 783 1222 882 πρωτείου,

112 809 332 982 decussatae,
357 883 516 981 opttsiov
541 887 640 958 otiam
665 887 880 976 communiter
895 887 1074 983 praemium
1090 911 1223 959 comoc·

111 986 162 1058 dis
187 987 422 1083 tragoedisque
455 990 511 1084 qui
542 997 706 1061 certarent
732 988 990 1061 distribuendum
1015 988 1223 1084 significare-

107 1095 176 1160 tur.
222 1087 404 1161 'Caeterum
437 1090 500 1162 lrac
531 1092 566 1162 iu
598 1090 813 1186 inscriptione
839 1089 991 1162 concedit
1014 1095 1123 1185 καινῇ
1149 1117 1223 1164 κω-

109 1187 236 1287 μῳδία
263 1191 303 1262 dc
328 1191 434 1287 prime
448 1191 664 1288 productione
682 1191 870 1264 comoediae
885 1192 1007 1288 dictum
1023 1217 1112 1265 osse.
1151 1189 1222 1264 Sed

108 1293 209 1364 redeo
237 1292 279 1362 ad
305 1316 365 1383 ea,
401 1294 543 1388 quaein
568 1295 674 1389 primo
700 1294 864 1366 uolumine
891 1317 925 1389 p.
951 1295 1039 1369 766.
1066 1293 1222 1365 aduersus
1337 1311 1340 1320 ¹

43 1431 44 1438 κ
106 1389 319 1465 Lobeckiurn
335 1393 492 1490 disputat.
539 1393 580 1467 Si
595 1396 781 1491 postuletur
795 1393 944 1489 ποιητὴς
957 1401 1115 1478 παλαιᾶς
1131 1421 1222 1492 τρα-

106 1491 252 1595 γῳδίας
282 1494 334 1589 (id
361 1486 490 1567 ridetur
522 1495 679 1590 ἀρχαίας
710 1497 821 1567 dicere
853 1497 1016 1568 voluisse:
1049 1519 1124 1568 uam
1157 1499 1221 1570 tue
1255 1513 1258 1519 '
1314 1545 1317 1552 ,

105 1604 267 1692 posuerat
292 1594 516 1693 Lutatiana),
550 1597 711 1692 postulari
736 1597 858 1692 aliquid
887 1596 973 1692 qnod
999 1619 1064 1668 nou
1090 1597 1220 1670 debent.

104 1693 296 1769 Innumeris
322 1698 407 1770 cuim
434 1698 468 1769 in
494 1699 579 1770 locis
606 1699 774 1768 titulorum
799 1694 1018 1796 τραγῳδοὺς
1037 1706 1072 1770 ot
1086 1723 1221 1794 κωμῳ-

106 1792 212 1885 δούς,
237 1807 275 1870 ut
299 1796 493 1895 αὐλῳδοὺς
518 1811 552 1871 et
575 1794 834 1896 κιθαρῳδούς,
863 1799 1015 1895 reperiri,
1042 1800 1100 1870 sed
1127 1823 1222 1871 num·

107 1922 204 1997 quarn
231 1923 305 1972 curn
329 1909 448 1997 poeto:
487 1925 605 1997 uernpe
631 1925 703 1972 eam
735 1925 808 1974 esse
840 1900 956 1972 herum
983 1923 1138 1996 generum
1164 1925 1220 1972 re-

106 2001 251 2093 tioncm,
287 2010 325 2073 ut
356 2012 458 2098 poeta
487 2014 522 2074 et
546 2002 689 2075 musicus
721 2002 807 2074 idem
840 2002 903 2091 sit3
939 2009 975 2074 ut
1001 2002 1114 2098 elegos
1140 2005 1269 2092 suos17

105 2103 289 2176 occiumiut
315 2112 441 2176 vetares
465 2104 618 2200 auioedi,
651 2128 766 2177 nomos
792 2103 1040 2178 citharoedicos'
1065 2128 1143 2177 suos
1169 2105 1221 2177 ci·

107 2203 270 2277 tharoedi.
320 2203 363 2277 In
389 2205 440 2277 his
467 2229 550 2302 quae
567 2206 651 2277 duae
668 2207 781 2278 insunt
798 2207 1079 2298 ratiocinationes,
1106 2229 1218 2279 earum

106 2328 172 2377 una
197 2307 404 2404 apertissime
430 2307 516 2378 falsa
540 2316 603 2398 est,
632 2331 729 2402 quum
750 2304 928 2402 tragoedos
942 2307 1064 2401 lyricos
1087 2332 1146 2379 sua
1161 2331 1220 2380 ce·
1292 2317 1297 2326 '
1368 2305 1372 2318 '

92 2406 230 2492 ¹ciuisse
257 2408 401 2479 carmina
427 2407 521 2478 dicit.
571 2408 646 2480 Nou
673 2406 908 2478 demonstrauit
930 2409 1014 2477 enim
1034 2407 1136 2479 inisse
1155 2409 1219 2479 aii-

108 2531 190 2604 quos
207 2507 386 2605 tragoedos
403 2508 544 2602 lyricos:
572 2531 672 2604 quare
691 2507 852 2603 quomodo
871 2507 950 2577 sciri
968 2515 1090 2603 potest,
1118 2531 1218 2580 suane

106 2633 148 2682 ou
175 2610 286 2680 aliena
310 2602 517 2680 cecinerint?
566 2607 683 2702 Neque
700 2631 780 2678 vero
803 2607 908 2676 altera
922 2606 1129 2678 ratiocinatio
1156 2632 1218 2703 pro

105 2734 186 2810 pera
211 2709 325 2780 haberi
344 2717 468 2804 potest,
495 2709 572 2805 quia
592 2732 656 2780 uon
675 2708 780 2778 solum
798 2707 869 2777 sine
887 2729 1016 2795 caussa,
1043 2705 1100 2778 sed
1120 2711 1218 2780 etiarn

104 2810 377 2908 inscriptionibus
403 2811 601 2882 sarnanum
629 2809 719 2882 credi
740 2809 938 2899 iubentibus,
966 2817 1063 2904 atque
1085 2808 1167 2880 adeo
1183 2817 1220 2881 nt

104 2912 178 3010 ipse
206 2911 442 3009 quodammodo
468 2935 579 2984 secum
603 2933 750 3010 pugnare
776 2909 943 3012 videatur,
977 2911 1219 2983 vetustissimo·
1327 2979 1330 2984 .

105 3038 177 3087 rum
203 3014 415 3086 auloedorum
442 3023 475 3086 et
501 3013 764 3086 citharoedorum
790 3035 912 3083 morem
940 3011 981 3082 ad
1007 3013 1142 3083 istarum
1159 3014 1218 3085 'iu-
1347 3100 1351 3107 Ι

106 3117 323 3213 scriptionum
354 3124 503 3212 tempora
535 3117 674 3214 produci
707 3115 823 3187 voluit.
881 3112 966 3186 Nam
1000 3114 1029 3186 si
1062 3114 1096 3186 iu
1131 3111 1217 3188 Oen.

107 3217 232 3290 Athen·
249 3215 301 3288 Π.
327 3240 361 3313 p·
381 3220 469 3294 362.
494 3219 528 3290 iu
553 3217 769 3313 inscriptione
798 3219 908 3290 1584.
933 3216 967 3288 in
994 3239 1059 3312 qua
1075 3217 1217 3312 rhapso-

107 3317 166 3392 dus
192 3329 229 3392 ct
253 3320 366 3414 epious
392 3329 491 3415 poeta
517 3320 673 3390 nominati
699 3328 795 3407 eunt,
830 3318 1026 3412 rhapsodum
1058 3318 1216 3415 inteiligit

108 3441 192 3514 cum,
221 3420 278 3515 qui
302 3420 398 3490 istius
424 3420 510 3515 epici
535 3428 653 3514 poetae
680 3441 810 3488 carmen
836 3419 1044 3509 recitaverit,
1076 3442 1216 3491 consen-

106 3527 238 3595 taneum
265 3528 326 3609 cst,
354 3544 451 3615 quum
478 3520 632 3615 deinceps
658 3527 868 3589 numerentur
892 3519 1014 3589 tibicen
1041 3525 1075 3589 et
1100 3521 1215 3592 auloe-

108 3621 181 3717 dus,
208 3621 380 3695 citharista
405 3629 439 3692 et
464 3619 684 3708 citharoedus,
719 3619 806 3688 huuc
831 3618 1021 3709 auloedum‚
1054 3619 1141 3690 hunc
1165 3623 1216 3693 ci-

107 3724 301 3799 tharoedum
326 3745 455 3794 carmen
480 3744 575 3794 suum
600 3719 642 3790 ad
666 3717 810 3789 tibicinis
836 3728 870 3789 et
895 3719 1083 3791 citharistae
1097 3723 1214 3795 'modos

108 3828 281 3900 cecinisse.
332 3821 460 3894 Eadem
476 3823 561 3893 ratio
583 3827 635 3891 est
655 3819 879 3915 inscriptionis
905 3821 1028 3910 1583„
1046 3821 1108 3892 uisi
1126 3825 1213 3920 quod
1330 3853 1338 3861 ·

107 3925 141 3998 in
167 3953 207 4000 ea
231 3933 330 4023 poete
355 3931 431 3996 ante
456 3922 673 4019 rhapsodum,
705 3921 826 3993 tibicen
852 3930 959 3993 autem
985 3930 1018 3993 et
1043 3924 1213 3997 citharista
1342 3957 1345 3966 ’

109 4049 182 4100 cum
207 4027 346 4101 auloedo
372 4034 407 4098 et
432 4023 621 4098 citharoedo
655 4023 769 4096 eodem
795 4013 909 4095 ordine
944 4047 1006 4120 quo
1032 4027 1069 4097 in·
1092 4026 1212 4098 inscri-

107 4129 222 4223 ptione
248 4132 358 4205 1584.
390 4126 567 4225 perscripti
597 4134 686 4198 sunt.
748 4124 948 4222 Quemquam
980 4127 1065 4199 sitne
1097 4131 1145 4198 ita
1169 4151 1211 4199 ou

109 4251 194 4323 uon,
228 4253 291 4325 ego
324 4230 454 4328 quidem
485 4227 569 4300 hond
604 4227 862 4300 diiudicaverim.
922 4226 1005 4301 Nam
1030 4231 1065 4300 irt
1090 4229 1211 4301 inscri-

109 4331 221 4426 ptione
250 4331 360 4406 1585.
385 4332 449 4406 etsi
473 4353 591 4428 poema
614 4332 649 4402 in
667 4328 785 4400 Musas
810 4338 845 4400 et
868 4329 1051 4426 rhapsadus
1076 4351 1211 4425 compa·

195 4457 197 4461 ’
952 4443 1012 4510 Ρ2
1035 4459 1037 4466 “
1105 4473 1107 4482 “
