3084 5050
450 372 504 434 uu
525 309 671 434 errrore
694 371 949 464 ιιιιιιιιιιιιι.
1191 371 1255 440 lla
1290 439 1294 451 ,
1382 415 1385 434 .

27 599 30 611 .
137 536 330 628 credamus,
357 536 398 610 oh
413 559 506 659 pras
530 536 680 636 ingratus
706 563 780 620 esse
794 538 936 612 Hieroni
958 538 1136 612 uideretur.
1175 539 1299 616 Hoc2l

133 637 247 734 igitur
270 639 422 712 modo
394 665 424 712 su
448 648 590 714 mentem
614 645 733 738 pocta'e
758 643 1032 738 interpretamur,
1058 639 1169 714 omnia
1193 667 1253 715 co

8 741 10 746 ’
133 740 280 812 haerent
299 742 481 838 aptissime.
521 742 663 816 Monere
684 766 822 841 poenam
837 739 968 816 Ixionis
988 743 1089 835 dicit,
1115 766 1157 814 ne
1179 745 1300 863 quie

133 841 182 914 eit
209 842 381 942 ingratus:
416 865 492 916 naun
524 837 678 918 celeriter
710 845 804 917 deam
835 846 975 918 consiliu
1007 869 1068 917 sue
1092 846 1250 942 ensequi3

132 943 324 1040 deprimere
351 947 544 1042 superbum,
581 955 617 1020 ut
648 959 736 1020 nunc·
759 947 978 1040 Anaxilaum3
1018 947 1102 1019 ulios
1128 971 1249 1044 augere

131 1044 349 1137 honore,-ut
373 1045 566 1120 Hieronem.
618 1046 689 1124 Sed
721 1047 810 1120 nolle
836 1073 872 1121 sc
898 1047 1094 1121 maledicere
1118 1047 1250 1120 Anaxi·-

129 1147 206 1238 lao,
232 1169 276 1218 ne
301 1147 418 1220 similis
443 1149 594 1222 videatur
617 1149 825 1224 Archilochi.
862 1139 1048 1248 'Optimum
1073 1173 1159 1241 esse,
1185 1175 1249 1247 po-

129 1248 275 1328 tentiam
300 1251 421 1322 hahere
446 1254 652 1325 coniunctam
678 1277 750 1326 curn
776 1251 957 1349 sapientia:
990 1260 1087 1347 atque
1104 1251 1170 1324 hec
1186 1276 1249 1324 no·

128 1351 225 1422 mine
259 1350 325 1422 iam
355 1352 469 1424 laudat
499 1351 699 1447 Hieronem,
743 1355 926 1450 respiciens
958 1353 1000 1426 ad
1034 1353 1247 1446 Anaxilaum,

128 1459 305 1548 potentem
329 1453 486 1550 quidem„
499 1455 557 1526 sed
582 1480 648 1527 uon
674 1457 841 1551 sapienter
864 1479 950 1528 uera
968 1452 1148 1528 inLocres
1174 1459 1246 1528 mn-

126 1553 245 1624 litum.
289 1551 336 1624 ‘In
351 1551 422 1627 ille
446 1555 633 1628 laudatione
659 1556 746 1652 quod
769 1557 862 1648 dicit,
889 1581 973 1627 runo
990 1555 1130 1628 consilio
1146 1557 1248 1630 stulta

129 1654 272 1745 conari,
306 1655 436 1751 siquis
471 1656 574 1748 ullum
599 1657 699 1728 alium
725 1655 930 1730 Graecorum
955 1655 1103 1727 Hierone
1129 1657 1246 1752 opibus

127 1763 169 1828 ct
202 1755 327 1828 honore
360 1758 629 1829 excellentiorem
661 1757 849 1854 praedicet,
882 1758 918 1832 id
951 1765 1016 1830 tam
1042 1757 1188 1852 graviter
1213 1765 1247 1830 et

126 1878 220 1954 pene
247 1859 452 1930 contentiose
478 1859 599 1932 dictum
625 1869 697 1952 eut,
733 1867 770 1932 ut
795 1859 836 1932 ad
860 1859 983 1931 lactum
1009 1857 1143 1955 aliquod
1167 1882 1247 1954 spc-
1374 1877 1376 1890 '

13 2029 15 2038 ,
127 1967 227 2031 ctare
252 1959 414 2052 uideatur,
440 1962 510 2032 sive
529 1961 620 2054 ‚alius
645 1969 757 2058 poeta,
784 1960 1002 2056 Bacchylides
1020 1960 1151 2058 opiner,
1179 1961 1245 2032 tale
1338 1979 1347 2000 ·

71 2075 74 2078 ’
128 2060 213 2158 quid
239 2059 337 2152 dixit,
363 2063 446 2154 siue,
473 2061 560 2158 quod
586 2065 655 2135 veri
681 2064 820 2136 similius
848 2086 921 2136 esse
946 2069 1040 2160 puto,
1066 2061 1246 2136 Pindarum

127 2161 352 2258 Bacchylides
379 2189 418 2240 eo
444 2167 574 2237 nornine
608 2174 679 2238 erat
705 2166 908 2238 criminatus.
966 2163 1014 2236 Et
1046 2164 1096 2236 sic
1123 2164 1244 2260 optime
1361 2229 1368 2244 ,

126 2264 288 2338 ‚convenit
312 2265 481 2358 curatio,
515 2290 579 2362 qua
604 2267 715 2341 statim
738 2267 774 2338 in
798 2268 913 2338 laudes
939 2265 1098 2338 Hieronis
1124 2289 1246 2338 encor-

127 2365 219 2438 ritur
233 2369 297 2458 ¹²).

235 2466 353 2538 Missis
375 2483 472 2538 'nuuc
504 2490 587 2562 quae
619 2466 814 2538 intermedia
847 2473 924 2538 sont
956 2468 1092 2537 alteram
1118 2475 1244 2562 partem
1367 2459 1369 2462 ⁵

128 2568 288 2640 carminis
314 2568 571 2639 consideremus.
621 2565 662 2637 Iu
689 2589 729 2636 aa
753 2565 848 2636 ualde
875 2565 1055 2636 dubitatum
1076 2575 1139 2656 est,
1167 2565 1245 2659 quid
1341 2650 1347 2666 .

126 2669 186 2740 his
213 2668 337 2738 dixerit
359 2666 545 2738 Pindarus.
579 2665 709 2791 γένυι,
737 2663 813 2746 οἷος
836 2663 916 2737 ἐσσὶ
940 2659 1100 2759 μαθών·
1136 2660 1245 2746 καλός

126 2796 190 2844 τοι
215 2764 345 2842 πίθων
369 2765 471 2863 παρὰ
495 2764 643 2855 παισίν,
678 2765 748 2840 αἰεὶ
772 2761 891 2848 καλός.
942 2765 1017 2838 Non
1045 2790 1127 2894 ppus
1155 2765 1246 2838 ride-
1372 2797 1373 2802 ¹

127 2880 199 2962 tur,
226 2879 264 2942 ut
278 2875 343 2942 aut
366 2891 546 2967 paucorum
570 2870 727 2942 lihrorum
754 2869 949 2966 scripturam
964 2864 1075 2950 καλος
1087 2893 1154 2954 τις
1182 2891 1245 2964 qua
1358 2909 1365 2920 ·

127 2973 215 3044 nihil
241 2971 323 3067 fingi
348 2973 535 3070 languidius
561 2981 691 3068 potest,
719 2969 918 3063 refutemus,
953 2978 1009 3043 aut
1035 2969 1243 3042 ostendamus

129 3098 262 3146 errasse
288 3073 515 3167 Huschkium,
550 3075 624 3172 qui,
662 3073 747 3171 quod
774 3071 967 3146 Archilochi
999 3072 1122 3143 mentio
1155 3071 1244 3144 lacta

128 3185 223 3268 erat,
259 3177 386 3248 moueri
416 3174 597 3248 Hieronem
630 3176 785 3294 putabat,
823 3183 859 3248 ut
891 3174 1121 3248 recordaretur
1147 3197 1242 3269 quam

129 3275 211 3350 olim
236 3299 320 3374 puer
344 3277 537 3350 Archilochi
564 3278 658 3349 dc
631 3277 726 3348 sunio
753 3277 895 3348 fabulam
914 3277 1106 3348 didicisset.
1156 3273 1242 3348 Nam

128 3401 196 3452 uec
219 3380 317 3450 verba
341 3379 432 3464 illem
457 3364 760 3496 interpretationem
785 3378 961 3473 rccipiunt,
987 3386 1023 3449 ct
1047 3375 1158 3472 gravis
1181 3399 1242 3448 au-

90 3553 94 3565 ,
128 3488 205 3554 ctor
230 3478 381 3554 Galenus
414 3478 551 3551 docet
542 3503 607 3550 ram
639 3487 768 3550 veteres
799 3477 934 3550 haec
907 3503 957 3566 sne
982 3478 1171 3574 accepisse,
1204 3485 1242 3552 ut

127 3582 243 3678 pueris
268 3583 400 3678 placere
426 3579 567 3672 simiam,
600 3580 686 3676 quod
712 3578 871 3650 ridiculus
897 3588 967 3670 est,
1002 3578 1090 3650 dicat
1114 3576 1242 3650 Pinda-

128 3705 200 3756 rus.
240 3682 374 3774 Miror,
401 3681 488 3778 quod
505 3681 678 3754 Bocchhio
702 3681 878 3775 repetitum
901 3677 1012 3760 καλὸς
1035 3681 1219 3797 puerilc'
1189 3705 1240 3754 rr-

129 3807 203 3857 eum
229 3793 293 3878 est,
321 3783 471 3881 quodque
496 3793 596 3895 negat
622 3806 658 3854 se
684 3781 871 3878 intelligere
897 3805 992 3879 quem
1017 3781 1082 3854 vim
1101 3782 1157 3855 hie
1181 3779 1239 3857 tel

216 4071 264 4156 ¹¹)
291 4074 365 4140 Quae
385 4073 417 4131 de
437 4077 523 4150 priore
544 4076 664 4132 carminis
685 4079 757 4150 parte
779 4071 847 4130 dicta
868 4079 942 4141 sunt,
963 4068 1051 4132 laudat
1071 4069 1236 4130 Bocchhiur:

132 4160 177 4218 scd
203 4166 288 4218 tamem
314 4179 361 4216 sua
388 4153 510 4216 defendit.
558 4157 589 4215 lu
616 4159 696 4216 altera
716 4166 801 4233 parte,
831 4151 903 4236 (nam
925 4177 1000 4215 omne
1021 4175 1123 4214 carmen
1145 4155 1237 4213 debere
1284 4152 1288 4157 ’

132 4265 164 4302 ex
184 4265 237 4303 una
258 4247 412 4321 cogitatione
432 4239 573 4322 proficisci)
601 4263 651 4303 uon
673 4250 725 4300 tam
746 4261 775 4299 sc
797 4242 921 4301 adversus
943 4243 1126 4300 obtrectatores
1147 4239 1235 4300 deien-

80 4349 84 4368 ι
130 4327 191 4388 dere
204 4329 354 4404 Pindarum,
376 4328 423 4388 sed
443 4346 546 4386 monere
566 4347 599 4386 ue
620 4330 688 4386 mala
702 4327 818 4410 xeoncilia
838 4327 978 4386 suadentes
998 4332 1172 4384 mentatum
1189 4342 1234 4382 au·

132 4411 184 4472 diat
203 4413 295 4474 Hiero.
