3070 5048
62 1383 64 1386 .
171 1319 259 1385 stare
286 1338 357 1384 eam
373 1313 466 1386 nullo
485 1315 581 1387 modo
601 1342 702 1414 posse
718 1341 757 1388 re

488 251 548 351 οο
569 285 755 348 nuscum
775 289 973 354 nurnnms.

176 453 181 460 '
272 495 276 504 »
326 503 329 510 ‚
375 435 730 548 μεμβραδοπώλαις,
763 451 1058 548 ἅχραὸοπώλαις,

271 557 281 590 ‘
374 549 668 648 ἰσχαδοπώλαις,
697 553 1010 653 διφθεροπώλαις,

372 651 665 752 ἀλφιτοπώλαις,
698 655 1008 754 μυστριοπώλαις,

374 753 659 852 βιβλιοπώλαις,
691 755 991 848 κοσκινοπώλαις,

375 854 679 958 ἐγκριδοπώλαις,
702 853 1048 958 σπερματοπώλαις.

171 1005 352 1082 Praetereo
377 1009 517 1106 reliqua,
544 1035 627 1107 quae
653 1009 739 1084 dixit
764 1007 982 1103 Welckerus,
1009 1035 1104 1107 quom
1128 1035 1170 1082 ne
1196 1012 1281 1084 alte·
1367 1069 1374 1077 .
1403 1093 1406 1108 ,

171 1109 243 1182 rius
274 1109 404 1210 quidem
429 1113 516 1184 rasis
542 1114 712 1210 picturae,
746 1115 781 1186 in
814 1139 894 1232 ‹puas
920 1115 1044 1210 scripta
1068 1114 1133 1184 ianr
1158 1114 1297 1210 prioris*

171 1211 395 1308 explicatione
419 1213 554 1306 incidit,
589 1213 629 1286 ab
656 1240 716 1288 sua
741 1215 895 1289 orinrone
922 1215 1146 1288 domaverunt.
1195 1213 1280 1306 Nam

758 1241 878 1390 lillud·
891 1325 1083 1414 argumento
1102 1323 1168 1408 est,
1193 1315 1279 1412 quod

170 1411 287 1486 deutra
311 1415 346 1486 in
371 1417 503 1511 pictura
527 1415 700 1490 nascentes
726 1443 770 1490 ox
794 1428 885 1490 terra
909 1419 1042 1490 iuuenes
1069 1414 1280 1516 conspiciun-

170 1525 244 1606 tur,
278 1515 336 1587 sed
361 1517 472 1612 potius
497 1517 666 1590 mulierem
691 1521 807 1610 istam,
842 1519 935 1592 ouius
967 1519 1002 1592 iu
1034 1519 1146 1616 priore
1180 1527 1279 1615 caput

169 1625 295 1689 tantum
322 1641 394 1690 eum
421 1617 508 1691 oollo
535 1627 570 1692 et
595 1643 722 1710 manus,
748 1619 784 1690 in
809 1620 914 1692 altera
940 1619 1096 1717 quidquid
1113 1645 1178 1692 uon
1193 1621 1280 1692 infra

169 1741 277 1815 genua
310 1722 361 1791 est
386 1743 405 1790 e
430 1729 521 1791 terra
544 1721 726 1818 prominet,
767 1745 810 1792 ex
841 1719 926 1793 locis
959 1721 1180 1792 subterraneis
1206 1745 1280 1794 sese

170 1819 333 1892 extollere
367 1827 516 1917 apparet.
574 1820 820 1918 Ineptissimum
854 1829 943 1896 esset
975 1829 1103 1912 autem,
1144 1827 1281 1894 matrem

168 1919 295 2018 fingere
329 1947 373 1998 ex
404 1932 495 1994 torre
526 1922 797 2016 adscendentem,
834 1923 864 1996 si
898 1924 970 2020 quis
995 1922 1104 2014 tilios,
1139 1923 1195 2018 qui
1220 1923 1281 1994 sub

167 2026 258 2095 terra
290 2025 359 2095 nati
391 2032 503 2116 erant,
540 2023 743 2121 significare
760 2025 862 2098 uellet
894 2051 937 2098 ex
972 2031 1061 2098 terra
1094 2024 1281 2096 emersisse.

147 2173 149 2189 .
168 2121 256 2216 Quid
282 2151 382 2221 porro
394 2125 472 2196 ‘sibi
492 2125 564 2199 uult
584 2134 651 2198 tam
670 2127 804 2198 immani
822 2151 961 2224 corpore
980 2134 1095 2218 mater,
1122 2133 1159 2197 ut
1177 2125 1280 2197 adulti

167 2227 243 2317 lilii,
270 2228 300 2297 si
325 2235 395 2300 tota
421 2227 642 2319 adscenderit,
667 2226 724 2300 rix
749 2229 893 2300 burneris
919 2228 960 2300 ad
986 2252 1094 2324 genua
1109 2229 1180 2298 eius
1201 2252 1281 2324 per-

166 2322 328 2400 veniant?
376 2329 530 2424 Denique
557 2353 639 2424 quae
665 2336 758 2400 tanta
777 2331 917 2419 insania,
945 2340 1001 2400 aut
1026 2325 1099 2424 quis
1120 2329 1213 2400 furor
1229 2335 1280 2400 est

167 2429 300 2500 illorum
325 2429 489 2518 iuvenum,
517 2436 554 2500 ut
578 2429 695 2500 matris
720 2453 799 2500 suae
825 2437 923 2526 caput
946 2426 1133 2524 ingentibus
1150 2429 1279 2500 malleis

168 2555 264 2628 quam
288 2528 419 2626 possint
444 2529 585 2600 maxima
610 2530 643 2600 vi
670 2525 898 2602 contendant?
930 2553 1013 2625 quae
1040 2537 1148 2600 autem
1165 2530 1283 2602 matris
1371 2542 1396 2630 ζ
1480 2553 1482 2562 ’

167 2641 224 2702 aut
248 2629 407 2706 fortitudo
433 2637 526 2702 tanta
551 2637 606 2701 aut
632 2637 699 2701 tam
723 2630 832 2702 ferrea
856 2637 998 2720 natura,
1026 2637 1063 2700 ut
1088 2653 1129 2700 no
1156 2630 1280 2700 sentire

167 2731 298 2829 quidem
322 2732 400 2803 illos
425 2732 512 2804 ictus
520 2783 533 2822 ,
569 2730 628 2802 sed
661 2755 784 2802 summa
817 2757 890 2803 curn
916 2730 1153 2827 tranquillitate
1180 2729 1279 2802 animi
1367 2769 1370 2788 ι

166 2833 338 2931 adspicere
364 2858 480 2905 manus
504 2857 581 2904 suas
607 2820 784 2904 videatur?
817 2829 1004 2904 Welckcro
1022 2830 1165 2927 quidem,
1192 2829 1283 2926 quod
1397 2927 1401 2931 ρ

31 2953 34 2960 ’
166 2935 241 3028 filii,
267 2936 304 3007 ut
330 2935 371 3006 ad
396 2935 534 3008 malleos
561 2933 749 3008 tractandos
776 2935 959 3033 destinati,
976 2933 1090 3005 matris
1116 2957 1194 3005 suae
1221 2955 1281 3002 ca-

165 3046 226 3134 put
250 3036 350 3110 tantis
375 3033 575 3134 ponderibus
592 3036 845 3133 commingant,
877 3045 944 3108 tam
977 3034 1086 3132 lepide
1112 3032 1279 3112 inventum
1384 3081 1387 3086 ,

64 3221 70 3234 .
165 3139 315 3230 videtur,
349 3164 444 3235 quarn
478 3139 564 3235 quod
589 3133 798 3232 Mercurius,
832 3136 1028 3234 simulatque
1054 3143 1150 3207 natus
1175 3143 1277 3226 esset,

165 3238 325 3358 fefellisse
351 3247 487 3312 matrem
505 3248 539 3311 et
558 3240 685 3312 furatus
706 3264 779 3312 esse
794 3239 894 3313 boues
908 3239 1078 3337 Apollinis
1098 3237 1205 3309 dictus
1220 3237 1278 3308 sit.

151 3446 155 3454 =
265 3389 362 3486 Ergo
395 3389 479 3486 quod
513 3388 648 3462 Palicos
679 3390 755 3460 istis
786 3390 926 3486 picturis
959 3411 1140 3484 expressos
1168 3394 1276 3484 putat,

165 3491 208 3565 ad
232 3491 316 3564 baeo
340 3491 405 3564 tria
430 3490 529 3581 redit,
556 3491 642 3586 quod
666 3491 801 3563 iuvenes
823 3511 957 3562 numero
974 3491 1037 3562 duo
1062 3491 1146 3576 sint3
1173 3490 1274 3588 qnod,

162 3603 203 3666 ut
226 3593 374 3666 Vulcani
390 3594 453 3664 'vel
479 3591 540 3663 lilii
565 3593 619 3663 uel
645 3600 802 3688 nepotes,
829 3592 914 3662 fabri
939 3613 1011 3662 esse
1032 3589 1168 3671 ferrarii
1192 3614 1274 3687 pos·
1370 3603 1389 3634 ·‘

163 3698 250 3785 sint3
284 3695 371 3792 quod
399 3719 494 3790 quam
519 3702 654 3765 matrem
681 3713 794 3764 eorum
820 3718 893 3764 esse
918 3699 1032 3789 putat,
1057 3686 1192 3762 ramulis
1214 3693 1321 3774 ,uell3

164 3797 286 3871 arbore.
309 3797 434 3868 Tbalia
467 3819 540 3867 osse
567 3794 783 3892 significetur.
834 3795 881 3866 At
906 3817 968 3866 noo
1001 3794 1056 3890 qui
1091 3793 1155 3865 duo
1181 3803 1270 3885 sunt,
1380 3867 1384 3878 ,

113 3979 116 3994 ι
163 3909 342 3998 propterea
367 3906 443 3970 suut
468 3899 564 3969 etiarn
591 3897 712 3988 Palici,
739 3921 801 3968 nec
818 3894 953 3968 Palicos
977 3896 1088 3969 fabros
1114 3895 1270 3968 ferrarios

166 4026 238 4073 osse
264 4002 306 4072 ab
329 4001 398 4073 ullo
425 3997 586 4096 scriptore
608 4002 766 4071 ‘testatum
791 4007 855 4090 est,
880 4023 943 4070 nee
967 4000 1147 4089 mulierem,
1174 4019 1269 4092 quarn

164 4099 297 4174 iuvenes
325 4101 457 4194 feriunt,
483 4111 617 4174 matrem
643 4125 754 4173 eorum
780 4125 855 4172 esse
880 4098 920 4172 ob
938 4124 995 4172 eas
1016 4107 1161 4189 caussas,
1188 4121 1268 4194 quas

165 4228 266 4300 supra
290 4205 400 4297 attuli,
426 4203 517 4277 credi
541 4211 665 4299 potest.
715 4201 832 4299 Itaque
850 4201 968 4274 missos
987 4203 1109 4292 facere,
1137 4201 1266 4296 opinor,
1482 4287 1487 4298 ἱ

163 4305 199 4378 in
223 4305 362 4404 picturis
387 4306 517 4404 quidem
540 4306 610 4378 illis
634 4302 769 4377 Palicos
795 4305 979 4404 oportebit,
1012 4311 1046 4374 et
1069 4301 1166 4374 fateri
1190 4300 1267 4370 nul·
1340 4311 1347 4324 “
1388 4335 1392 4348 1
