3070 5048
448 388 499 448 DE
518 387 705 450 saecum
724 387 924 450 ΑΕΤΝΔΕΙδ.
1048 383 1051 396 '
1173 385 1235 454 331

124 557 208 648 lois,
232 579 299 630 non
325 547 526 654 diindicem‚¹
542 555 671 651 qnando
696 579 762 628 non
789 579 901 631 omnes
922 554 1052 628 fabulae
1074 555 1237 651 satyricae

91 739 95 745 ,
124 657 264 754 Satyros
297 656 451 729 videntur
482 658 647 730 hahuisse.
708 656 872 754 Suspicor
904 657 945 730 ad
978 657 1063 729 liano
1094 657 1238 731 fabulam

124 761 292 858 pertinere
316 761 452 849 tersus,
488 784 570 856 qnos
596 757 750 832 Clemens
775 759 879 831 Alex.
904 760 940 832 in
965 758 1177 856 Protreptico
1205 783 1237 832 ο.

127 865 188 937 10.
215 863 257 960 §0
283 859 346 934 97.
378 884 414 957 p.
440 863 504 935 78.
529 860 623 933 Pott.
649 862 780 958 posuit,
814 861 886 934 Tli.
913 859 1103 952 Gatplrerns
1130 870 1238 934 antem

125 965 304 1036 cohaerere
330 962 413 1033 vidit
438 986 512 1034 cnm
536 963 619 1055 illis,
647 987 784 1059 qnorum
804 963 927 1035 mentio
949 971 1001 1035 est
1022 961 1237 1046 aPlntarclno

124 1065 213 1137 lacta
236 1063 272 1136 in
297 1065 484 1160 praeceptis
510 1064 674 1162 gerendae
699 1065 902 1161 reipublicae
925 1089 962 1163 p.
988 1067 1073 1139 802.
1101 1063 1147 1138 Β.
1179 1061 1239 1137 sed

125 1191 192 1240 non
216 1173 307 1238 reete
333 1165 492 1274 restitnit.
543 1164 749 1239 Crediderim
775 1167 825 1239 sie
850 1166 993 1264 scriptos
1018 1166 1141 1239 fnisse:

249 1313 339 1416 βᾶτ’
369 1318 420 1400 εἰς
444 1313 536 1392 dddv
561 1315 629 1414 δὴ,
662 1324 735 1402 πᾶς
761 1315 781 1392 ὃ
803 1313 989 1416 χειρῶναξ
1012 1311 1113 1407 λεώς,
1187 1376 1190 1384 ,

252 1419 289 1492 οἳ
312 1413 381 1513 τὴν
406 1416 495 1500 Διὸς
518 1426 710 1543 γοργῶπιν
726 1415 911 1520 Ἐργάνην
936 1425 1083 1502 στατοῖς

208 1515 214 1528 “
251 1516 409 1594 λίκνοισι
432 1523 719 1616 apostocam-9⁸5
739 1519 808 1616 τὴν
832 1519 922 1618 παρ’
952 1519 1089 1616 ἄκμονι

253 1615 393 1694 τυπάδι
417 1615 552 1716 βαρείᾳ
577 1618 640 1694 καὶ
664 1615 790 1705 κόποις
814 1615 978 1718 ὑπήκοον

254 1721 405 1819 ἄψυχον
428 1719 522 1817 ὕλην
546 1717 861 1823 δημιουργοῦντες
881 1725 1037 1820 χεροῖν..

230 1869 340 1947 Credo
365 1863 430 1946 lam
456 1873 505 1946 its
530 1874 729 1973 explicatam
761 1879 835 1946 esso
867 1875 1029 1972 pictorem
1053 1874 1172 1964 istam,
1205 1882 1243 1948 nt

126 2001 194 2049 non
225 1975 376 2048 rideatur
408 1973 474 2046 alia
513 1971 699 2073 quaerenda
731 2001 804 2048 esse
842 1975 1087 2074 interpretatio.
1151 1973 1243 2048 Illud

127 2102 207 2150 vero
233 2080 408 2174 permirum
436 2077 536 2169 foret,
563 2078 651 2175 quod
676 2078 895 2151 Welclrernm
923 2078 1006 2152 liaeo
1031 2078 1117 2149 ratio
1143 2078 1243 2174 fugit,

128 2179 245 2276 quiin
271 2178 429 2276 'fridegia
453 2205 490 2276 p.
516 2183 579 2254 77.
606 2187 640 2252 et
664 2179 853 2262 Pandoram
879 2179 1072 2253 oancano
1098 2181 1244 2252 labrice-

127 2292 197 2354 tam
223 2282 452 2354 memoraverit
485 2289 519 2352 et
554 2282 703 2376 attigerit
735 2282 879 2353 salsulam
905 2279 1086 2378 Sophoclis
1113 2289 1147 2354 et
1171 2307 1245 2354 mo-

125 2381 239 2456 nnerit
264 2369 383 2454 multas
409 2405 560 2453 rasorum
595 2382 742 2477 picturas
776 2403 820 2453 ex
845 2381 965 2453 fabulis
992 2383 1144 2479 satyricis
1171 2403 1244 2454 esse

128 2483 362 2580 depromptas,
398 2482 464 2554 nisi
497 2481 659 2579 qnomodo
691 2482 726 2554 id
751 2483 875 2554 factum
908 2483 1044 2554 sitnon
1070 2491 1159 2556 esset
1185 2484 1246 2554 ob·

13 2674 17 2682 Ι
127 2605 275 2658 scoram.
