3084 5050
291 344 357 410 me
602 347 653 408 nu
674 345 821 409 errrore
842 305 1109 408 menmium(
1192 380 1200 393 -
1284 330 1290 346 ·

285 512 381 610 'quod
411 512 470 584 isti
500 511 636 586 deorum
661 511 890 612 Olympiorum
924 521 959 586 ct
984 507 1140 610 Typhoei
1166 533 1404 588 commemora·

290 617 395 714 tioni,
428 637 512 711 quac
536 623 674 712 propter
698 625 847 707 caetera,
874 635 947 688 non·
965 627 1097 688 caetera
1121 624 1258 714 propter
1281 615 1402 712 ipsam,

293 717 423 790 adiecta
448 724 511 807 est,
537 718 597 788 illa
623 724 754 790 caetera
778 716 1022 790 accommodata
1047 741 1122 790 esse
1148 725 1262 796 censet
1280 717 1402 790 Disse-

292 815 448 910 nius,'et
472 819 519 889 ita
546 819 694 914 quidem,
721 825 758 890 ut
783 819 936 914 quoniam
961 841 1062 914 aegre
1088 841 1108 889 a
1131 818 1306 891 Boeckhio
1332 819 1403 892 dis-

293 917 415 992 sentire
442 919 551 1010 audet,
578 944 642 992 non
669 943 764 992 omne
788 921 930 1012 hellum,
957 920 1015 992 scd
1041 943 1081 993 ea
1105 928 1231 994 tantum
1256 921 1344 992 halla
1368 928 1402 1019 ct

293 1021 457 1112 facinora,
481 1044 563 1118 quae
581 1019 736 1118 Typhoia
762 1028 870 1095 mente
894 1019 987 1110 fiant,
1013 1020 1196 1094 dissuaderi
1221 1022 1402 1095 existimat.

293 1121 371 1196 Non
397 1122 627 1195 dissuadentnr
658 1122 747 1194 helle
778 1122 991 1214 ullomodo,
1025 1123 1083 1195 sed
1115 1123 1267 1196 landetur
1281 1121 1402 1220 'potius
1533 1203 1534 1216 ξ

294 1225 416 1298 bellica
442 1225 565 1315 virtus,
588 1233 696 1320 ‚atque
721 1223 825 1315 adeo,
859 1225 889 1296 si
912 1224 1018 1296 Hiero
1044 1233 1112 1296 tum
1137 1226 1341 1321 aegrotabat,
1357 1234 1403 1314 ut
1533 1229 1534 1252 ¹

167 1383 169 1388 .
293 1326 366 1422 ipse
392 1352 458 1398 non
483 1333 599 1422 posset
631 1326 720 1397 hello
754 1325 840 1421 qnod
873 1326 1009 1422 gerebat
1033 1326 1225 1417 interesse„
1250 1326 1404 1400 laudetur

293 1437 422 1519 tamen,
448 1427 535 1523 quod
561 1451 602 1498 ne
628 1427 746 1524 morbo¹
767 1427 897 1522 quidem
923 1428 963 1499 ah
989 1428 1114 1500 auxilio
1140 1429 1403 1524 periclitantibus

293 1529 451 1602 mittendo
478 1528 696 1600 abstrahatur.
746 1527 873 1600 Mirum
896 1529 1051 1626 prolecto
1073 1538 1145 1621 est,
1177 1531 1403 1628 planissimum
1463 1585 1469 1594 .

292 1631 389 1704 huius
415 1629 568 1703 carminis
594 1637 819 1726 argumentum
845 1633 949 1703 latere
976 1631 1141 1728 potuisse,
1169 1654 1266 1728 quum
1290 1641 1401 1729 poeta,
1533 1647 1534 1738 y

214 1801 218 1810 r
293 1732 372 1828 quid
397 1733 461 1804 sihi
489 1732 606 1822 uellet,
632 1733 704 1828 ipse
718 1726 948 1806 'declaraverit
972 1733 1191 1829 apertissime.
1242 1731 1327 1806 Nom
1346 1733 1404 1806 'ci-
1533 1757 1534 1832 y

292 1836 420 1906 tharam
445 1858 542 1929 quum
568 1833 701 1930 inipso
729 1833 882 1905 carminis
907 1834 1002 1906 initio
1030 1834 1187 1931 appellet,
1215 1835 1293 1930 quid
1312 1835 1403 1907 aliud
1498 1833 1501 1838 “

250 1927 254 1932 ’
292 1936 380 2008 nelle
404 1943 516 2031 potest
542 1958 637 2088 quam
662 1929 786 2026 dicere,
811 1933 981 2026 cithero,
1007 1937 1130 2008 carae?
1181 1935 1269 2026 Quid
1294 1944 1403 2008 autem

191 2048 195 2052 ’
250 2089 257 2100 -
293 2043 390 2110 canat
416 2035 560 2108 cithara.
619 2034 745 2132 Nempe
779 2037 865 2132 quod
891 2037 1000 2108 dehet.
1052 2036 1141 2128 Quid
1173 2037 1270 2110 dehet
1293 2046 1404 2110 autem

293 2129 439 2210 canere?
488 2135 620 2233 Ecquid
645 2161 723 2208 vcro
754 2138 790 2209 id
815 2137 905 2209 aliud
931 2161 1004 2210 esec
1029 2145 1160 2234 potest,
1195 2161 1290 2235 quam
1315 2137 1404 2210 Hic-

291 2238 385 2314 ronis
404 2239 546 2310 Aetnaei
571 2232 737 2311 victoria?
780 2238 878 2331 Quod
903 2247 1135 2336 argumentum
1154 2263 1251 2336 quum
1276 2240 1403 2338 triplex

294 2341 358 2431 sit,
390 2341 562 2436 possitque
587 2339 772 2414 autlliero
797 2341 945 2433 laudari,
982 2349 1040 2414 aut
1064 2341 1319 2432 victoriosius,
1345 2349 1404 2414 eut

198 2451 203 2458 '
293 2465 376 2538 quae
404 2443 524 2515 uictrix
549 2441 588 2514 ah
614 2466 655 2514 eo
680 2442 870 2515 renunciata
895 2451 947 2514 est
963 2465 1050 2514 nova
1066 2443 1144 2516 urhe
1163 2445 1291 2516 Aetna:
1318 2443 1403 2515 illud

292 2543 433 2616 maxime
469 2551 721 2616 consentaneum
757 2550 847 2635 erat,
888 2551 926 2616 ut
965 2546 1078 2616 urhem
1113 2569 1184 2618 eam
1221 2546 1403 2618 celebraret

292 2640 404 2743 poete,
432 2646 486 2718 cui
508 2646 722 2720 illustrandae
747 2646 812 2720 hoc
837 2645 973 2720 dederat
985 2646 1105 2739 Hiero,
1133 2654 1168 2719 ut
1192 2671 1229 2720 se
1252 2671 1319 2719 non
1334 2645 1403 2742 Sy-

292 2770 499 2838 racusanum,
528 2747 586 2820 sed
611 2750 795 2820 Aetnaeum
819 2749 1018 2845 proclamari
1042 2750 1182 2821 iuberet.
1233 2747 1275 2819 Id
1299 2749 1403 2844 igitur

292 2847 373 2920 iecit
404 2846 581 2922 Pindarus.
644 2847 730 2921 Nam
761 2850 949 2921 universum
988 2851 1140 2921 carminis
1177 2859 1402 2946 argumentum

292 2949 356 3022 hac
381 2948 567 3025 continetur
598 2951 781 3024 sententia:
824 2947 997 3039 eithara,
1035 2973 1135 3022 cone
1166 2946 1299 3021 orbem
1324 2949 1401 3023 Ac·

295 3061 416 3140 mano,
432 3053 673 3126 illustratam
690 3053 855 3123 victorio
862 3051 1058 3140 Hieremia,
1078 3061 1245 3150 optoque
1260 3053 1299 3123 en'
1311 3075 1401 3123 cono·

246 3151 479 3242 lssonrddam,
500 3179 652 3254 pacem,
673 3153 982 3252 prosperitatem,
1007 3152 1226 3252 iustumque
1250 3162 1291 3224 et
1312 3148 1402 3228 dide·

208 3255 211 3262 ’
292 3255 380 3329 rade
404 3256 618 3355 imperium.
647 3252 762 3324 ⁴Nihil
786 3253 839 3338 his
863 3252 1008 3349 planius,
1034 3253 1117 3325 nihil
1143 3253 1354 3349 simplicius,

393 3354 466 3432 Iam
491 3379 568 3429 vero
595 3354 803 3428 ostendamus
829 3353 990 3451 quomodo
1008 3356 1091 3427 haec
1108 3357 1299 3453 exposuerit
1316 3354 1426 3440 Pin-f
1533 3381 1534 3406 ¹

49 3491 52 3502 ·
142 3519 147 3538 ,
293 3457 405 3530 danus.
457 3455 625 3530 citharam
650 3457 849 3552 alloquutus,
877 3456 1066 3553 priusquam
1092 3482 1191 3531 ecoe
1208 3457 1308 3547 dicat,
1335 3458 1401 3528 vlm

131 3553 134 3567 ’
294 3561 374 3632 cius
391 3559 567 3650 describit,
603 3552 677 3654 qua'
692 3567 843 3631 cantores
876 3565 910 3630 et
935 3559 1070 3633 chorum
1095 3567 1208 3656 regat,
1243 3559 1400 3655 ipsosque

293 3662 405 3759 placet
429 3661 522 3734 deos.
572 3659 697 3757 Aperte
722 3661 805 3732 haec
829 3661 864 3732 in
888 3661 1017 3733 laudem
1044 3669 1120 3732 suut
1136 3661 1280 3732 citharae
1298 3661 1399 3750 dicta,

259 3827 265 3839 .
292 3787 357 3836 nec
382 3752 428 3834 dii
454 3761 627 3860 quidquam
652 3762 835 3859 principale
861 3771 955 3854 sunt,
992 3761 1050 3834 sed
1074 3763 1281 3834 nominantur
1306 3762 1400 3834 dum*-

294 3871 401 3956 taxat,
427 3872 465 3936 ut
491 3863 681 3937 ostendatur
706 3865 809 3936 virtus
836 3865 916 3936 artis
942 3863 1104 3934 musicae:
1132 3862 1173 3935 oh
1190 3863 1398 3960 eamdemque

296 3989 445 4040 caussam
470 3967 568 4038 etiam
593 3965 736 4057 additur,
763 3965 938 4038 abhorrere
963 3988 984 4034 a
1010 3972 1120 4054 cantu,
1148 3962 1303 4059 quidquid
1317 3965 1398 4036 rude

296 4091 336 4142 ac
359 4067 464 4139 ferum
490 4067 552 4154 sit3
579 4090 739 4162 quumque
753 4066 893 4138 Aetnam
915 4066 1026 4136 urhem
1041 4074 1213 4136 ornaturus
1228 4065 1397 4163 aitpoeta,
1500 4149 1503 4154 ¹

294 4176 444 4240 numerat
468 4166 504 4238 in
528 4167 580 4239 his
597 4167 805 4263 Typhoeum,
833 4166 923 4257 olim,
950 4191 991 4237 ne
1008 4165 1154 4238 Homero
1181 4167 1397 4259 contradicat,

294 4271 332 4342 in
347 4267 467 4342 Cilicio
483 4275 576 4341 antro
593 4269 769 4363 sepultum,
793 4290 881 4339 nunc
896 4268 1057 4339 iacentem
1077 4266 1136 4338 suh
1152 4275 1262 4340 monte
1275 4268 1397 4359 Aetna,

296 4371 505 4466 flammasque
538 4370 757 4460 evomentem,
798 4391 878 4464 quas
917 4375 1054 4465 propter
1091 4376 1256 4450 recentem
1287 4371 1398 4467 magni
