3086 5050
300 310 547 398 caumont
565 313 694 381 saeuo
713 314 1002 381 eremannos·
1152 307 1219 384 sm
1321 347 1323 355 s

101 473 205 558 ulus?
247 477 301 558 'At
329 473 426 558 nemo
460 483 525 557 scit
559 507 656 583 quarn
689 485 751 560 illc
782 483 851 559 oris
882 479 1021 558 lumnam
1052 483 1218 564 babuemb
1279 530 1285 548 ι

35 592 38 600 ’
101 586 157 659 ·An
184 587 270 684 quod
295 587 332 659 in
357 587 511 688 opinione
536 586 650 690 populi
677 587 787 684 aliqua
812 587 884 660 eius
909 583 1039 683 efligies
1053 596 1217 680 versatur,
1359 589 1369 604 '

101 689 191 762 sicut
220 685 359 761 Homeri
392 697 491 784 caput
527 689 568 760 ad
602 690 781 762 carminum
813 685 1059 762 similitudinem
1093 689 1217 762 lactum

101 797 168 882 ost,
193 787 248 864 'ael
272 789 377 866 Inus,
387 785 535 887 Olympii
561 792 764 864 maiestatem
790 815 845 863 ars
863 787 1002 862 Phidiae
1023 790 1190 892 expressit
1198 783 1224 862 l·

101 889 244 965 Nelroc
269 891 570 989 quidem-quando
596 892 737 967 munima
761 915 839 989 pars
864 893 1039 990 populine
1060 890 1217 989 scitquiss

101 987 304 1066 neminisse
330 994 470 1089 aliquem
496 989 708 1070 Arminium·
750 995 805 1066 An
837 1005 876 1066 ut
901 1019 966 1066 uon
992 995 1216 1086 simulacrum,

101 1094 161 1166 sed
186 1095 304 1190 iugens
330 1095 481 1167 columna
505 1097 614 1169 locum
640 1097 763 1193 signet,
789 1121 855 1193 pun
883 1109 998 1168 caesae
1025 1096 1092 1167 sint
1110 1095 1218 1187 onina

100 1196 168 1269 tilii
193 1195 279 1268 Vani
304 1190 482 1294 legiones?
507 1197 579 1295 'At
602 1198 746 1270 nondum
777 1199 827 1269 ita
858 1199 963 1294 liquet
989 1218 1053 1294 quo
1078 1196 1112 1268 iu
1129 1197 1215 1270 loeo
1265 1205 1268 1216 '
1323 1275 1326 1286 ,

100 1297 226 1370 iactum
252 1299 315 1391 sit,
340 1307 379 1372 ut
404 1319 488 1372 unus
514 1299 578 1372 sibi
602 1305 690 1398 pr'ao
710 1300 785 1372 aliis
810 1301 905 1373 locus
931 1308 1022 1372 certo
1050 1298 1217 1371 malicum

100 1400 323 1500 principatum
340 1400 461 1497 possit.
499 1397 548 1474 Et
569 1410 677 1474 tamen
695 1402 829 1498 ponitur
842 1395 1096 1474 monumentum.
1132 1399 1217 1492 Quis

24 1515 50 1528 ”
100 1523 182 1573 uero
207 1495 332 1600 ponit?
371 1500 565 1575 Germania.
606 1498 814 1578 Germania?
845 1501 906 1574 illa
931 1512 983 1575 tot
1007 1501 1140 1574 tortium
1166 1501 1218 1572 via
1311 1531 1315 1536 ¹

99 1627 214 1678 rorum
253 1613 377 1695 mater,
416 1604 477 1676 illa
516 1611 568 1676 tot
603 1605 729 1700 magnis
769 1604 930 1701 quondam
963 1603 1218 1700 imperatoribus

100 1705 208 1796 clara,
228 1705 293 1776 ‘illo
318 1729 424 1802 nuper
448 1727 544 1777 sacro
570 1706 658 1778 bello
685 1729 763 1777 suae
789 1707 953 1778 libertatis
979 1705 1100 1776 mulex
1125 1702 1220 1777 Ger*

100 1805 223 1898 mania,
251 1831 270 1878 o
297 1815 438 1878 neumam
464 1807 574 1899 tidem,
602 1808 658 1904 qni
681 1808 749 1882 isto
774 1809 808 1879 in
836 1807 923 1879 bello
949 1806 1102 1880 decoram
1131 1827 1218 1882 mors

100 1915 168 1979 tem
195 1907 311 1978 felices
338 1907 525 2008 oppetistis,
552 1909 613 1982 illa
639 1907 833 2000 Germania,
861 1932 946 2006 qnae
971 1931 1009 1981 se
1033 1931 1121 1981 nunc
1145 1907 1220 2004 ipsa

101 2009 234 2104 quaerit
258 2007 314 2098 ubi
339 2009 395 2100 sit,
421 2010 599 2082 immortali
620 2009 964 2100 Cheruscorum-luci
990 2010 1128 2082 mumulo
1154 2030 1220 2105 po·

99 2111 154 2184 nit
179 2119 432 2202 monumentum,
459 2113 565 2184 saculi
588 2113 969 2208 testanspusillitatcm,
995 2133 1119 2207 ponere
1145 2135 1220 2183 nno·

99 2221 270 2303 nuuncnta,
297 2235 393 2307 quam
411 2212 511 2308 digna
526 2214 745 2286 monumentis
758 2215 868 2286 lacera
886 2214 1098 2285 sollertioris.
1132 2211 1219 2283 Tri-

100 2313 249 2386 stissima
273 2312 425 2409 prolecto
451 2315 605 2408 augurari
631 2338 767 2386 necesse
793 2323 901 2406 esset,
937 2314 1093 2410 pietatem
1125 2333 1217 2384 suam

98 2415 340 2505 monumentis,
374 2415 451 2509 quia
475 2414 525 2486 sio
549 2438 637 2486 nunc
661 2440 732 2486 mos
758 2424 828 2506 cst,
865 2415 1054 2486 declarante
1079 2415 1217 2511 populo,

8 2543 12 2554 ·
98 2515 169 2588 nisi
193 2539 260 2606 non
284 2539 422 2613 prorsus
447 2515 666 2614 exstirpatum
692 2539 766 2588 esse
783 2516 950 2613 antiquum
968 2516 1135 2611 ingenium
1152 2513 1267 2590 hocl2

98 2617 177 2715 ipso
214 2625 362 2713 tompore
395 2639 507 2689 eorum
542 2617 732 2690 ostenderet
760 2616 921 2703 fortitudo
953 2615 1118 2707 uirorum,
1150 2617 1219 2712 'qni

100 2717 233 2816 quidvis
259 2719 389 2815 perpeti
416 2742 510 2815 quam
533 2719 631 2792 fidem
652 2718 848 2792 sacramenti
864 2719 1005 2816 prodere
1021 2719 1219 2810 maluerunt,

99 2819 377 2917 confirmaretque
403 2821 604 2894 admirabilis
631 2822 734 2894 virtus
759 2821 912 2913 illorum,
949 2819 1009 2917 qni
1030 2843 1093 2892 nec
1117 2820 1221 2916 polti-

99 2920 315 2996 citationibus
340 2945 403 2994 neo
427 2923 583 3020 praemiis
608 2945 672 3010 nec
696 2923 793 3001 ruinis
818 2922 1016 3020 nec-poeuis
1035 2921 1221 3018 expungnant

98 3023 321 3096 constantiam
348 3047 439 3096 suam
464 3026 645 3122 patiuntur.
695 3024 824 3098 Horum
848 3025 884 3097 in
910 3025 1027 3096 animis
1048 3025 1220 3120 antiquom

97 3125 206 3199 robur
230 3125 357 3197 habitat
382 3134 416 3199 ct
440 3129 548 3223 pietas
574 3135 609 3200 at
628 3128 768 3224 religi03
795 3127 886 3199 liin
908 3126 1222 3222 seniisrebnsgraae

98 3227 304 3322 uissimoque
329 3234 477 3323 tempore
502 3229 630 3324 patriae
656 3229 801 3300 ollicinm
823 3250 916 3300 suum
930 3227 1103 3319 facientes,
1128 3227 1222 3300 lacto
1283 3315 1290 3323 ,
1343 3227 1344 3230 ’

73 3329 201 3402 ,deum
227 3323 353 3399 uolunt.
405 3327 489 3418 Quis
522 3352 594 3400 cum
625 3327 678 3398 luis
703 3329 781 3400 illos
808 3337 976 3424 comparet
1002 3336 1059 3399 ant
1083 3351 1221 3423 compos

97 3439 182 3521 nat,
216 3428 272 3523 qui
305 3428 359 3500 vel
383 3427 532 3503 liberalis
556 3427 672 3501 iudicii
696 3428 826 3501 landem
852 3436 1046 3526 appetentes
1077 3451 1115 3500 re
1140 3449 1220 3500 uera

75 3531 190 3606 'nisit
214 3538 252 3602 ut
277 3539 425 3603 sanctum
450 3529 662 3621 reverentur,
694 3530 749 3603 rel
781 3531 972 3627 opinionum
997 3537 1032 3601 ct
1056 3527 1221 3626 supersti-

97 3637 238 3708 tionum
258 3631 397 3703 vinculis
422 3634 594 3704 constricti
619 3633 748 3730 ignauis
770 3631 1065 3728 supplicationibus
1083 3630 1229 3728 expiare·

97 3737 277 3808 humanam
303 3733 496 3832 poraritatem
522 3734 668 3826 sudent,
692 3758 755 3806 nec
778 3734 884 3806 solum
910 3729 1146 3828 redintegrato
1161 3757 1222 3806 ve-
1357 3745 1360 3752 “

98 3835 171 3911 teri
197 3835 347 3926 dissidio,
374 3835 433 3906 sed
459 3833 557 3908 etiam
583 3837 678 3908 novis
702 3836 846 3907 inventis
865 3833 1081 3930 religionibus
1102 3834 1143 3906 ad
1160 3857 1222 3907 aad
1253 3851 1258 3864 ⁴

97 3947 232 4012 ternam
256 3937 420 4020 miseriam
447 3937 680 4010 condemnatos
706 3959 780 4010 csse
806 3944 992 4028 autumant,
1025 3937 1221 4033 quicumque

97 4063 172 4116 non
198 4038 283 4111 islam
311 4038 397 4136 quod
417 4039 489 4136 ipsi
514 4039 671 4112 sentiunt.
722 4035 791 4112 llic
807 4038 1103 4136 enimprincipalis
1125 4057 1221 4109 error
1268 4119 1271 4136 ‚
1335 4083 1338 4094 ·

99 4149 294 4240 est,‘·quem
320 4143 385 4214 etsi
411 4140 770 4240 dudumdeposoetnnt
786 4163 899 4212 omnes
919 4139 975 4238 qui
996 4141 1139 4237 sapiant,
1165 4146 1221 4214 ta·

98 4267 182 4318 men
207 4241 263 4314 lnio
284 4242 358 4314 illic
383 4251 417 4316 et
442 4245 560 4340 vulgos
586 4252 620 4316 et
638 4242 862 4340 superstitiosi
878 4241 1033 4334 retineat,
1059 4241 1220 4336 acerrime

99 4354 216 4419 autem
242 4351 376 4422 mentun
399 4345 472 4438 illi,
500 4347 563 4441 ,qui
587 4370 623 4418 se
649 4343 728 4438 eos,
764 4345 881 4442 quibus
904 4341 1149 4442 persuaserint,
1183 4342 1219 4415 in
