3076 5046
326 387 391 458 218
504 388 555 454 DE
575 390 794 454 ruderum
814 391 1082 458 canonemque
1100 390 1250 452 Lmen„

267 612 271 622 -
328 585 360 633 o·
385 560 424 634 4.
456 557 497 630 de
520 559 652 654 poetica
677 561 721 657 ᾧ.
748 559 809 636 14.
833 555 1012 659 γενομένη
1037 551 1106 632 οὖν
1131 555 1196 630 ἀπ’
1225 555 1343 653 ἀρχῆς
1367 555 1441 632 αὖ·

326 657 602 756 conmemorat,
632 659 696 735 καὶ
720 655 814 754 αὐτὴ
845 658 909 734 καὶ
939 657 962 755 ἡ
987 655 1186 755 κωμῳδία,
1218 658 1241 752 ἢ
1266 655 1338 752 μὲν
1362 655 1468 732 ont

326 769 405 836 τῶν
428 757 661 857 ἐξαρχόμτων
683 758 751 836 τὸν
776 757 1040 858 διθύραμβον,
1071 759 1094 856 ἢ
1120 757 1162 834 dd
1188 756 1261 833 ἀπὸ
1285 765 1365 833 τῶν
1389 757 1439 834 τὰ

328 859 501 962 porthmi,
526 905 576 920 -
605 861 701 938 κατὰ
725 861 860 960 μικρὸν
883 860 1047 960 ηὐξήθη,
1077 857 1321 990 προαρόντων
1346 858 1439 936 ὅσον

226 1055 230 1061 ¹
302 958 469 1066 9ἐμένετο
494 963 660 1062 φανερὸν
684 965 815 1060 αὐτῆς,
851 973 885 1038 et
909 969 952 1066 §-
981 969 1041 1040 17.
1065 964 1118 1038 ἔτι
1143 959 1185 1037 δε
1209 960 1252 1036 τὸ
1276 961 1439 1062 μέγεθος

325 1069 366 1141 ἐκ
389 1074 536 1164 μικρῶν
560 1064 702 1162 μύθων
725 1066 789 1140 καὶ
814 1066 938 1152 λέξεως
962 1063 1118 1167 palcina,
1144 1061 1208 1139 ded
1233 1060 1276 1137 τὸ
1301 1066 1343 1137 ἐκ
1368 1087 1438 1137 σα-

288 1234 290 1243 ,
324 1175 478 1266 septenni
509 1169 744 1265 μεταβαλεῖν,
781 1166 850 1264 ὀψὲ
883 1163 1149 1265 &mensurni-iq·
1184 1163 1228 1240 τὸ
1259 1162 1331 1258 μὲν
1360 1163 1438 1266 γὰρ

323 1277 474 1366 πρῶτον
503 1269 735 1367 τετραμέτρῳ
767 1273 930 1364 ἐχρῶντο
963 1268 1027 1344 ded
1060 1267 1103 1344 τὸ
1139 1265 1344 1366 σατυρικὴν
1372 1265 1438 1342 καὶ

325 1371 640 1472 ὂρχηστικωτέραν
674 1371 780 1448 εἶναι.
797 1371 868 1468 τὴν
898 1369 1055 1468 ποίησιν.
1123 1369 1273 1446 Scilicet
1300 1377 1435 1444 cantate

324 1473 527 1570 dithyrambo
553 1475 656 1571 aliqui
681 1499 724 1548 ex
750 1473 851 1547 choro
879 1474 931 1546 rel
955 1475 990 1546 in
1005 1483 1186 1569 satyrorum
1208 1472 1352 1568 speeiem
1375 1471 1436 1544 de·

323 1575 457 1650 formati
482 1578 535 1649 rel
565 1577 663 1648 aliter
693 1577 859 1649 imitantes
891 1585 1073 1670 satyrorum
1104 1575 1312 1647 saltationem
1343 1572 1435 1644 ludi·

323 1701 397 1750 cras
430 1678 557 1774 aliquas
589 1679 727 1750 labellos
760 1703 804 1750 en
834 1686 982 1775 tempore
1015 1677 1249 1766 conserebant,
1284 1671 1323 1746 id
1346 1673 1434 1770 qued

322 1776 626 1877 διαδραματίζειν
651 1780 732 1854 dicit
755 1778 939 1876 Diogenes,
976 1803 1079 1875 usque
1105 1778 1179 1849 dum
1206 1776 1354 1874 Thespis
1380 1777 1433 1848 iu·

322 1891 414 1955 stum·
433 1907 615 1954 sermonem
642 1889 875 1954 commentatus
902 1889 965 1976 est,
993 1905 1086 1977 quem
1112 1879 1229 1956 histrio
1256 1877 1297 1949 ad
1322 1879 1358 1950 id
1379 1878 1432 1950 in·

322 1982 456 2054 sfitutus
483 1990 560 2080 apto
588 2007 660 2056 cum
686 1993 781 2080 gestu
807 1983 975 2055 recitaret.
1027 1979 1115 2054 Sunt
1140 1993 1220 2076 ergo
1246 1979 1329 2056 haee
1354 1979 1432 2051 dra·

320 2083 459 2155 maticae
491 2083 681 2178 tragoediae
713 2082 831 2178 initia,
863 2108 968 2180 neque
1000 2083 1103 2154 ullum
1134 2077 1232 2181 lyrici
1258 2081 1431 2154 cuiusdam

320 2184 452 2280 generis
486 2192 623 2280 apparet
655 2185 847 2278 vestiginm3
882 2209 963 2276 nec,
1001 2185 1086 2280 quod
1111 2181 1303 2272 Athenaeus
1336 2183 1429 2274 dicit,

320 2285 577 2380 antiquissimam
602 2284 804 2382 tragoediam
830 2311 873 2358 en
900 2287 981 2358 solis
1007 2286 1117 2358 choris
1143 2285 1346 2378 constitisse,
1373 2307 1431 2358 ea·
1529 2369 1530 2372 Ἴ

318 2385 490 2485 ruisseque
515 2369 749 2478 histrionicis,
786 2387 873 2460 aliud
901 2387 1074 2485 quidquam
1107 2395 1177 2478 est,
1214 2409 1309 2485 quam
1342 2385 1429 2484 quod

319 2488 422 2563 relert
445 2489 666 2582 Aristoteles,
701 2490 936 2586 dithyrambum
970 2514 1043 2564 esse
1077 2489 1223 2562 acharo
1250 2497 1428 2578 cantatum,
1529 2473 1530 2501 ¹

76 2645 79 2652 -
169 2623 174 2641 »
318 2591 519 2663 intermixtis
550 2591 671 2682 iocis',¹
695 2616 777 2687 quos
804 2593 979 2665 chorentae
1006 2616 1048 2663 ex
1074 2599 1221 2687 tempore
1247 2590 1427 2664 iactareute

318 2693 407 2790 quod
430 2693 518 2764 idem
544 2717 607 2789 qua
632 2695 759 2768 ratione
775 2693 906 2766 ,sactum
933 2693 977 2766 sit
1001 2695 1034 2764 in
1062 2693 1237 2790 phallicis,
1265 2715 1309 2764 ex
1335 2689 1427 2764 Semi

318 2795 359 2864 de
397 2794 576 2890 paeonibus
615 2796 700 2869 libro
739 2795 868 2866 rettulit
905 2795 1095 2866 Athenaeus
1127 2792 1234 2868 XIV.
1269 2818 1304 2890 p.
1338 2796 1426 2869 622.

318 2894 427 2986 Quare
454 2896 484 2968 si
508 2922 608 2993 porro
625 2895 816 2983 Boeclrhius
837 2896 930 2989 dicit,
956 2897 1040 2970 hanc
1057 2896 1192 2992 lyricam
1209 2895 1425 2991 tragoediam,

175 3061 178 3067 .
317 3021 400 3094 quae
426 3019 470 3068 cx
496 2999 569 3070 solo
591 2999 692 3071 choro
709 2998 997 3090 constiterimus
1016 2999 1112 3094 plane
1130 2997 1309 3094 perfectam
1323 2995 1424 3070 fuisse

316 3107 486 3196 antequam
503 3096 621 3189 Attici,
647 3123 784 3194 quorum
802 3099 874 3171 sola
891 3099 1068 3170 dramatico
1082 3091 1218 3196 propria
1233 3099 1290 3190 sit,
1314 3097 1425 3172 drama

315 3199 379 3271 sihi
405 3199 658 3292 vindicaverint,
686 3209 832 3296 apertum
859 3208 909 3272 est
935 3225 1008 3271 eum
1034 3201 1220 3296 opinionem
1245 3225 1337 3272 suam
1362 3220 1426 3298 pro,

314 3325 352 3374 re
379 3311 545 3398 comperta
570 3301 709 3393 hahere,
730 3301 880 3398 quodque
905 3302 977 3400 ipse
1004 3301 1178 3394 confinxit,
1206 3325 1280 3373 vere
1303 3301 1423 3380 lectum

279 3389 288 3423 ⁴
316 3426 389 3476 esse
415 3411 544 3498 putare.
595 3403 721 3476 Adiicit
747 3413 872 3496 autem,
907 3429 989 3501 quae
1023 3403 1074 3476 de
1090 3401 1261 3500 tragoedia
1287 3403 1421 3498 dixerit,

190 3583 192 3587 ,
315 3503 413 3576 etiarn
438 3503 472 3576 in
500 3506 701 3580 comoediam
726 3505 864 3598 cadere,
901 3506 1102 3580 comoediam
1127 3529 1256 3603 quoque
1282 3505 1422 3603 aliquam

313 3606 449 3704 lyricam
473 3607 576 3680 lause
601 3610 730 3682 volens.
783 3636 801 3664 .*
1513 3605 1516 3615 ⁴

416 3705 525 3781 Credo
553 3734 614 3807 ego
643 3710 784 3805 quidem,
812 3709 868 3806 qui
893 3716 988 3780 caute
1014 3705 1187 3806 sobrieque
1205 3705 1343 3799 iudicet,
1370 3706 1422 3782 fa·

313 3810 378 3883 teri
404 3809 542 3902 dehere,
576 3813 605 3882 si
631 3836 697 3883 non
730 3813 804 3882 aliis
838 3811 1036 3906 argumentis
1063 3809 1254 3884 ostendatur
1278 3809 1420 3906 'lyricam

313 3912 455 4007 aliquam
480 3913 533 3981 rel
558 3912 761 4009 tragoediam
786 3911 839 3982 rel
865 3912 1063 3983 comoediam
1091 3911 1212 4002 luisse,
1247 3935 1305 4003 ea,
1338 3913 1419 4010 quae

188 4027 191 4035 ’
312 4013 387 4084 istis
412 4012 595 4086 nominihus
621 4014 766 4110 appellat
790 4011 1002 4105 Boeckhius,
1036 4021 1092 4084 aut
1124 4013 1222 4110 plane
1248 4014 1339 4085 nulla
1364 4019 1420 4088 aut

310 4114 404 4210 ipsos
436 4111 538 4184 fuisse
572 4113 791 4208 dithyrambos
832 4121 866 4185 et
898 4116 1066 4187 cantiones
1098 4115 1272 4210 phallicas.
1331 4111 1419 4205 Quid
1472 4187 1475 4204 Δ
1525 4153 1526 4156 ¹

311 4213 420 4286 verbis
447 4207 558 4311 opus?
589 4212 717 4309 quando
750 4215 895 4311 ipsorum
927 4217 1049 4312 lyricae
1082 4215 1270 4312 tragoediae
1303 4225 1418 4313 patro·

311 4341 426 4391 norum
451 4339 548 4408 nnus,
574 4313 772 4410 Welherus,
799 4319 832 4388 in
859 4316 984 4389 dinmis
1010 4316 1218 4389 scholasticis
1245 4319 1417 4392 a.-1830.

311 4446 347 4517 p.
372 4421 460 4496 422.
487 4441 557 4492 eam
589 4415 708 4524 latiore
740 4419 927 4518 significatu
957 4418 1194 4514 dithyrambum
1219 4443 1292 4492 esse
1318 4418 1416 4493 dixit.
1524 4449 1525 4454 ¹
