3084 5050
368 457 369 464 Ν
433 375 483 438 un
505 332 929 440 orsrcmamunlnnms.
1111 341 1278 473 ⁸121·
1363 371 1368 380 ·

125 535 200 619 esse
225 542 395 635 vitientur,
423 545 477 639 qni
505 541 680 640 Syracusis
705 541 956 648 ποταγωγίδες
980 541 1236 635 εοιίίοίιαεί,ῗαί

125 645 168 718 ob
193 645 511 732 camdemcaassam
545 647 625 720 dicti
647 670 772 742 genere
789 646 967 718 lemiuino.
1025 646 1121 736 Quod
1148 647 1235 743 apul

122 746 340 818 Aristotelem
365 747 470 821 Polit.
496 746 544 820 V.
574 751 634 822 ll.
659 748 795 844 legitur,
822 744 1010 842 οῖονπερὶ
1035 743 1253 842 Συρακοά,
1314 797 1319 808 ·
1421 775 1426 784 ·
1512 753 1515 762 ’

124 869 193 929 σας
218 846 257 920 αἱ
282 845 532 950 ποταγωγίδες
554 844 790 944 καλούμεναι,
815 845 879 922 καὶ
899 846 986 932 τοὺς
998 846 1236 934 ὠτακουστὰς

123 948 320 1043 ἐξέπεμπεν
339 948 472 1048 Ἱέρων,
499 949 593 1026 ὅπου
617 979 672 1033 τις
697 953 751 1047 εἴη
772 948 952 1025 συνουσία
966 949 1029 1024 καί
1046 947 1234 1052 σύλλογος,
1336 1017 1342 1042 ,
1439 1025 1442 1050 Ι

122 1059 216 1124 recte
242 1052 400 1148 scriptum
432 1077 505 1126 esse
532 1053 677 1126 ostendit
701 1051 815 1125 Photii
841 1053 1034 1125 adnotatioa·
1064 1079 1236 1154 ποταγω-

122 1149 237 1252 γίδες,
263 1150 405 1250 φάνται
427 1151 451 1250 ἢ
475 1152 648 1250 μηνυταί.
698 1153 772 1228 Nee
797 1152 1006 1228 dnhitanlnm
1032 1162 1126 1252 puto,
1157 1154 1235 1252 quin

121 1255 176 1326 illi
202 1279 267 1326 nan
292 1255 451 1348 feminac,
478 1257 536 1328 secl
562 1258 625 1328 uiri
651 1256 791 1329 lacrima
825 1279 926 1352 quare
951 1252 1151 1328 Plutarchus
1176 1279 1235 1329 eos

121 1356 161 1428 in
183 1354 294 1428 Dione
327 1382 358 1430 c.
385 1361 447 1432 28.
480 1355 566 1440 τοὺς
596 1356 845 1450 καλουμένους
869 1354 1150 1458 προςαγιογίιίας
1175 1382 1236 1436 το·

122 1458 225 1530 carit.
275 1456 368 1536 Idem
393 1459 429 1530 in
452 1460 568 1531 libello
595 1459 635 1530 le
662 1460 854 1532 curiositate
886 1484 922 1554 p,
948 1461 1035 1535 522.
1063 1467 1151 1532 extr.
1185 1459 1234 1534 sic

122 1559 279 1655 scripsit:
312 1555 433 1632 καίτοι
455 1554 543 1640 τούς
565 1587 606 1660 γε
626 1555 846 1655 τυράννους,
873 1557 927 1642 οίς
947 1555 1091 1660 ἀνάγκη
1111 1553 1236 1634 πάντα
1259 1555 1265 1568 “

120 1654 339 1760 γινώσκειν,
383 1656 682 1754 ἐπαχθεστάτους
712 1666 808 1733 ποιεῖ
843 1657 886 1734 τὸ
916 1667 995 1735 τῶν
1027 1660 1235 1761 λεγομένων

122 1761 237 1834 α’ίτων
268 1759 331 1834 καί
355 1760 624 1886 προςαγιογέαιν
648 1759 762 1862 γένος.
811 1758 1046 1844 ὠτακουστὰς
1071 1757 1141 1856 μὲν
1167 1757 1237 1836 οὗν

122 1868 270 1956 πρῶτος
301 1863 407 1957 έοχεν
439 1861 459 1936 ὃ
491 1889 573 1946 νιος
597 1868 769 1959 Δαρεῖος,
803 1863 971 1937 ἀπιστῶν
995 1864 1138 1959 ἑαυτῷ,
1172 1861 1237 1938 καὶ
1367 1921 1370 1930 .

123 1959 267 2047 πάντας
291 1959 533 2062 ὑφορώμενος
557 1963 621 2038 καὶ
645 1960 837 2048 δεδοικώς·
871 1961 958 2048 τοὺς
982 1962 1023 2038 δὲ
1044 1991 1235 2066 προςαγιο-

123 2063 234 2166 γίιίας
258 2065 293 2138 οἱ
316 2063 510 2141 Διονύσιοι
533 2072 610 2151 τοῖς
634 2064 884 2164 Συρακοσίοις
907 2065 1117 2156 κατέμιξαν.
1169 2067 1237 2160 Qui

123 2167 205 2239 mihi
230 2191 358 2241 errasse
384 2170 524 2260 videtur,
552 2169 638 2266 quod
665 2166 924 2270 moraywylclotc
949 2169 1157 2265 aDionysiis
1182 2171 1237 2242 in·
1341 2221 1344 2230 κ
1467 2205 1475 2212 ·

124 2269 295 2354 traductos
321 2271 474 2366 scripsit,
502 2271 662 2368 siquidem
687 2271 825 2342 Pimlari
850 2271 935 2343 illud
960 2269 1163 2368 ὑποφάτιες
1188 2273 1236 2344 ita

125 2395 199 2444 cum
223 2371 289 2442 ista
314 2373 536 2468 appellatione
557 2373 722 2466 congruit,
749 2396 820 2443 eam
841 2382 878 2442 ut
894 2373 959 2442 iam
976 2371 1135 2445 Hieronis
1151 2381 1237 2445 tem·

35 2537 39 2543 .
123 2496 205 2568 porc
233 2480 338 2544 ortam
370 2473 505 2545 credere
536 2473 723 2555 debeamus.
768 2470 974 2544 'Genucium
1000 2482 1108 2544 autem
1134 2473 1236 2546 luisse

123 2571 334 2673 ποταγωγὶς
358 2574 507 2662 videtur,
544 2597 608 2667 quc
643 2573 803 2643 eiusmodi
834 2571 933 2642 homo
963 2595 1038 2642 cum
1063 2575 1236 2644 meretrice

124 2682 385 2769 compararetur,
411 2681 648 2768 vocareturque
673 2674 771 2761 illex,
797 2670 883 2767 quod
904 2671 1040 2743 liberius
1066 2671 1107 2743 de
1124 2681 1237 2766 tyran-

122 2776 178 2848 nis
202 2774 367 2870 loquendo
401 2775 552 2846 alliceret
585 2773 668 2845 alios
693 2774 728 2845 in
753 2773 1008 2845 familiaritatem
1034 2798 1144 2865 snam,
1184 2773 1237 2844 fa-

125 2883 281 2971 ceretque
306 2884 343 2948 ut
367 2876 478 2974 posito
511 2884 599 2949 metu
632 2877 684 2947 sui
712 2875 812 2948 animi
837 2874 1032 2947 sententiam
1057 2876 1237 2971 aperirent.

125 2975 167 3049 Id
193 2979 328 3074 vulgare
354 2989 389 3052 et
414 2978 535 3049 humile
562 2977 743 3050 convicium
776 3001 873 3074 qaum
905 2976 1001 3072 lyrici
1033 2985 1151 3075 poetae
1178 3001 1236 3050 ore

125 3080 233 3177 repeti
250 3105 323 3158 vucn
346 3088 479 3180 posset,
513 3070 702 3153 honestiore
736 3079 895 3152 vocabulo
928 3102 1007 3152 usus
1034 3087 1086 3152 est
1109 3078 1250 3162 Pinda-x
1379 3119 1381 3123 ·

126 3205 195 3271 rus,
222 3182 281 3254 sed
305 3183 372 3276 ita,
406 3192 442 3253 ut
466 3202 527 3280 per
552 3183 689 3254 turmam
714 3181 900 3255 femininam
924 3180 1106 3274 indicaret,
1140 3180 1286 3279 qnam23
1388 3193 1391 3200 '

127 3282 381 3380 appellationem
406 3286 544 3356 istorum
569 3285 733 3356 hominum
760 3285 794 3354 in
819 3291 926 3355 mente
952 3283 1100 3356 haberet.

226 3382 267 3456 Iu
294 3385 336 3460 iis
362 3394 445 3480 quaa
471 3393 651 3480 sequuntur
676 3384 765 3455 aliud
790 3392 854 3476 est,
881 3382 969 3478 quod
994 3409 1060 3455 non
1085 3386 1166 3457 satis
1184 3385 1238 3458 in-
1338 3383 1340 3394 '

128 3485 296 3559 tellectum
321 3486 401 3558 luit:
439 3485 503 3556 hoc
528 3485 622 3574 dico,
657 3480 831 3578 στάθμας
856 3481 900 3556 δέ
922 3511 1021 3566 τινος
1047 3481 1240 3579 ἑλκόμενος

129 3593 312 3682 περισσᾶς.
362 3585 417 3658 Εο
450 3610 547 3682 quum
573 3586 614 3657 ad
639 3586 750 3657 lulum
777 3585 978 3681 palaestrae,
1013 3587 1070 3683 qui
1095 3585 1238 3663 διελκυ-
1323 3671 1328 3680 ,

130 3685 263 3764 catuna
295 3688 490 3780 uocabatur,
533 3687 658 3784 respici
693 3687 878 3782 suspicatus
912 3697 1000 3759 esset
1031 3688 1259 3790 Boeclihius,⁸

130 3790 217 3886 quod
242 3799 295 3862 est
318 3789 535 3880 venusimum,
561 3790 664 3860 miror
689 3787 775 3884 quod
801 3812 837 3858 sc
865 3812 931 3860 non
957 3797 1116 3885 exputare
1138 3791 1237 3884 dixit,

130 3893 292 3986 quomodo
325 3891 402 3964 hnic
433 3890 511 3963 ludo
554 3883 898 3988 capraemortem
932 3893 1171 3964 accommodari
1203 3901 1238 3966 et

131 4017 213 4090 quae
239 3993 375 4090 genitivi
408 3993 493 4065 ratic
525 4016 599 4064 esse
624 4000 750 4090 posset.
802 3990 987 4088 Vtmmque
1012 3994 1237 4090 planissimum

128 4103 195 4186 est.
245 4094 395 4169 Genitivi
421 4094 534 4166 eadem
558 4095 643 4167 ratio
670 4119 753 4191 quae
775 4094 810 4165 in
832 4093 1004 4168 ἓίκεσθαι
1015 4092 1148 4192 χειρός,
1173 4092 1242 4170 κάη

131 4224 219 4292 μης,·
245 4194 399 4293 περισσὰ
425 4204 533 4267 autem
559 4192 715 4288 στάθμα
739 4203 830 4268 recte
856 4190 957 4289 aicta,
984 4197 1053 4270 sive
1067 4199 1237 4294 potentio-

131 4323 199 4370 rem
224 4297 356 4390 sunem,
371 4299 436 4390 hoc
461 4307 525 4390 est,
551 4305 691 4370 tractum
717 4298 989 4391 evalidiorihns,
1016 4299 1086 4371 sive
1102 4289 1236 4394 proprie

132 4401 287 4474 maiorem
319 4408 442 4497 partem
475 4399 563 4471 suuis
595 4399 737 4497 intelligi
770 4400 892 4496 placet.
947 4399 1032 4473 Nam
1065 4423 1161 4494 quum
1195 4399 1236 4471 ah
