3076 5046
242 373 248 398 ‘
303 371 371 440 Ν
699 373 755 434 uu
784 370 1049 434 lunanum·
1151 366 1153 386 '

305 539 406 614 manis
431 537 565 635 cognitu
590 526 730 630 tutem,
764 535 843 636 qnid
869 535 1053 635 amplians
1077 544 1142 630 ent,
1168 523 1285 634 upum,
1321 559 1421 634 quum

218 687 225 704 κ
305 667 426 716 nomen
448 641 595 713 Atlantis
621 641 708 712 mala
732 641 941 717 sufferentem
968 639 1104 732 indicet,
1135 639 1299 711 homiuem
1325 637 1422 733 όοςί-

305 745 370 818 tari
396 744 430 816 iu
455 752 528 816 toto
552 743 636 813 mani
660 743 709 814 ita
733 742 902 832 iactatum,
929 749 967 814 ut
991 741 1047 814 ubi
1071 739 1197 838 magis,
1230 739 1288 810 uui
1302 740 1420 812 minus

305 843 502 944 protundum
536 851 625 917 assat
650 865 759 935 mare,
795 841 896 916 iueiit
921 835 1106 944 oupertus?
1156 839 1321 914 Convenit
1346 865 1420 914 oum

174 985 176 990 v
220 963 228 990 ⁸
305 947 369 1020 hac
400 943 693 1044 interpretatione,
737 944 825 1042 quod
851 939 1056 1040 ὀλοόφρων
1088 944 1281 1042 appellatur·
1307 941 1419 1016 Atlas.

304 1047 390 1144 Nam
424 1057 569 1120 ueterem
603 1047 814 1142 quorumdum
847 1047 1014 1146 argutias,
1058 1046 1115 1141 qui
1147 1044 1354 1143 ineptissime
1376 1052 1421 1118 ›et

306 1159 423 1225 contra
447 1150 580 1248 liuguae
606 1149 767 1220 rationem
794 1141 1003 1244 ὀλοόφρονα
1029 1149 1204 1221 noluemut
1230 1140 1420 1244 ὁλόφρονα

255 1255 257 1262 ’
306 1277 394 1346 esse,
421 1250 515 1350 quasi
539 1249 574 1322 id
600 1243 799 1344 πάνσοφον
824 1249 1013 1346 significare
1038 1257 1173 1346 posset,
1199 1244 1297 1322 hodia
1323 1272 1419 1324 namo

306 1379 371 1428 non
405 1352 524 1426 uideat.
582 1349 795 1440 Nitzschium·
823 1361 931 1424 autem
965 1351 1183 1442 vehementer¹
1207 1349 1330 1440 miror,
1364 1349 1420 1446 qui

205 1507 207 1512 -
304 1441 391 1530 uoio
426 1454 560 1528 inuento
594 1446 841 1551 οὐλόφρονος,
885 1449 973 1550 quod
1009 1460 1098 1526 essct
1133 1445 1420 1548 πυκινόφρονος,

305 1556 511 1633 scribendum
545 1555 685 1628 censuit.
753 1550 870 1652 Neque
902 1555 938 1627 in
969 1553 1139 1628 Atlantem
1171 1555 1236 1626 loo
1268 1552 1420 1650 quadrat,

303 1683 367 1739 pao
392 1657 549 1731 convenit
575 1655 734 1732 llomero.
786 1655 837 1730 Vt
860 1658 1004 1748 Aeetes,
1038 1665 1075 1730 ut
1100 1653 1215 1746 Minos
1240 1650 1420 1752 ὀλοόφρο-

303 1787 376 1852 rec,
403 1759 491 1858 qued
517 1765 570 1832 est
592 1759 781 1856 perniciosa
806 1758 974 1855 meditati,
1005 1757 1044 1830 ab
1070 1755 1219 1833 llomero
1246 1757 1420 1854 appellan-

141 1897 171 1923 υ
304 1871 377 1956 tut,
412 1863 463 1936 sie
488 1863 587 1934 etiam
611 1859 730 1952 Atlas,
763 1860 916 1958 fragilem
949 1859 1035 1935 truci
1067 1859 1272 1944 committens
1296 1857 1446 1955 pelago,

300 1975 426 2036 'ratemz
460 1971 592 2036 nautam
618 1961 703 2042 cuim
731 1959 913 2058 significari
938 1985 992 2032 res
1013 1961 1088 2058 ipsa
1109 1969 1282 2052 monstrat,
1308 1959 1447 2056 expli-v

303 2064 454 2160 cavitque
482 2063 617 2158 copiose
643 2060 868 2134 Voelclerus.
918 2059 1079 2134 Eiusdem
1103 2064 1138 2136 in
1163 2062 1264 2134 simili
1288 2059 1419 2134 nomine
1448 2135 1451 2146 Δ

328 2164 531 2238 eruersitatis
557 2161 607 2234 rei
633 2171 727 2253 aunt,
755 2163 871 2260 quibus
897 2159 1074 2261 δαΐφρων
1098 2189 1164 2237 uon
1191 2187 1322 2262 semper
1347 2161 1420 2234 bel·

302 2189 444 2340 licosum
470 2273 504 2338 et
529 2264 667 2356 iontem,
684 2263 762 2336 'sed
788 2261 984 2362 aliqnando,
1022 2289 1042 2336 a
1067 2261 1204 2362 δαῆναι
1230 2265 1418 2356 deductum,
1523 2279 1524 2292 ¹

234 2435 239 2442 .
305 2365 393 2466 quod
418 2365 492 2440 ficri
517 2365 644 2486 uespuit,
670 2365 863 2464 prudentem
882 2367 1071 2464 significare
1090 2369 1194 2440 visum
1212 2375 1276 2440 est.
1316 2363 1418 2438 Butt-

250 2457 272 2492 “”
304 2493 453 2568 mapnus,
488 2469 544 2566 qui
569 2465 604 2540 1d
629 2465 861 2566 iuLexilogo
887 2465 919 2540 Ι.
945 2493 981 2568 p.
1009 2471 1095 2556 201.
1123 2469 1290 2560 defendit,
1321 2467 1418 2540 aliter

302 2569 506 2646 iudicaturus
540 2577 631 2662 erat,
675 2571 704 2642 si
737 2571 919 2668 cogitasset
949 2573 1137 2644 Anticleam
1169 2569 1295 2666 Odyss.
1327 2565 1417 2652 XV.
1524 2649 1525 2662 χ

223 2673 228 2733 ἶ
303 2675 392 2749 356.
418 2673 536 2746 iontem
562 2671 683 2744 dictam
710 2696 797 2764 esse,
824 2673 911 2770 qnod
930 2672 1107 2768 suspendio
1127 2674 1224 2745 vitam
1242 2669 1416 2764 linivisset,
1524 2675 1525 2678 ’

301 2775 493 2848 Alcmenam
521 2781 628 2846 autem
655 2771 834 2846 aPiudaro
861 2782 898 2847 ut
922 2782 1057 2846 matrem
1079 2776 1233 2847 heronmz
1266 2773 1417 2870 Aesolnp-
1524 2849 1525 2852 ,

303 2875 371 2948 lum
397 2875 476 2948 vcro
502 2877 536 2947 iu
563 2873 661 2972 Sept.
688 2873 729 2946 ad
747 2873 859 2947 luch.
886 2900 919 2948 v.
940 2877 1028 2950 920.
1055 2877 1085 2949 si
1110 2875 1152 2948 ad
1178 2885 1283 2948 metra
1308 2884 1415 2948 atten-

230 3065 233 3072 Δ
304 2977 426 3069 disset,
462 2974 636 3076 scripsisse
664 2975 801 3048 vidisset
833 2970 1039 3073 δαϊόφρων.
1099 2973 1165 3050 Ille
1191 2977 1294 3072 igitur
1317 2976 1415 3049 Atlas

304 3077 390 3176 quid·
408 3105 508 3178 porro
535 3071 633 3172 agit?
683 3075 824 3174 Longas
850 3079 935 3152 caeli
968 3087 1141 3176 terraeque
1168 3077 1335 3152 columnas
1361 3086 1415 3154 te«.-

225 3183 236 3188 “
302 3203 382 3252 uere
415 3181 535 3253 dicitur
567 3180 653 3275 ipse.
713 3176 881 3252 Incertum
913 3187 983 3272 est,
1020 3177 1097 3278 quid
1131 3179 1203 3275 ἔχει
1234 3179 1414 3278 significet,

147 3287 149 3294 ’
303 3281 396 3356 cuius
423 3281 513 3354 verli
539 3279 711 3379 multiplex
738 3289 885 3376 potestas
912 3289 981 3370 est3
1008 3307 1072 3352 non
1091 3291 1242 3380 apparet,
1268 3307 1328 3355 cur
1343 3279 1416 3356 ed-

301 3379 365 3477 τὸς
390 3383 434 3462 sit
460 3382 622 3474 additum3
650 3382 788 3454 dulium
813 3392 884 3474 est,
918 3406 1003 3480 qnae
1036 3383 1103 3456 siut
1129 3385 1207 3456 illae
1234 3385 1319 3458 caeli
1345 3392 1414 3456 ten-

302 3509 424 3582 raeque
450 3486 640 3572 columuac3
667 3483 806 3580 denique
832 3485 995 3559 nescimus
1021 3482 1140 3581 ἀμφὶς
1162 3485 1311 3580 ἔχουσιν
1336 3481 1414 3582 quid

59 3667 60 3674 χ
147 3643 148 3650 .
255 3587 361 3678 llsit,
388 3587 474 3686 quod
501 3610 561 3684 per
586 3587 659 3684 ipsa
687 3585 784 3657 verba
810 3586 939 3683 quidem
966 3594 999 3658 et
1023 3585 1209 3660 distineat
1224 3585 1413 3683 significare

143 3689 147 3702 '
303 3698 426 3784 potest,
453 3697 487 3760 et
512 3688 773 3760 circumcirca
798 3697 939 3779 teremit,
966 3697 1000 3760 et
1024 3699 1157 3761 tenent
1178 3683 1414 3789 obsecroque

298 3802 429 3887 parte.
489 3786 532 3862 si
558 3790 818 3864 circumcirca
849 3791 1122 3887 interpretamur,
1158 3798 1215 3861 ant
1246 3791 1345 3887 plane
1376 3790 1413 3862 in

302 3890 439 3962 nihilum
466 3891 670 3981 dissolvitur,
697 3902 753 3962 out
769 3899 963 3986 portentosa
975 3891 1015 3962 lit
1030 3890 1139 3987 imago
1154 3893 1300 3982 Alentis,
1326 3901 1413 3964 tam-

192 4035 196 4040 ·
303 4014 399 4087 quam
425 3992 562 4064 alicuius
588 3990 776 4081 centimuui,
803 3992 951 4085 quoniam
979 3992 1062 4087 ἔχει,
1088 4001 1126 4065 ut
1150 4017 1250 4090 supra
1273 3993 1412 4086 dictum,
1520 4017 1523 4024 ’

238 4088 241 4097 '
284 4117 368 4188 ,non
395 4100 506 4190 potest
522 4091 688 4165 custodit
709 4092 909 4188 siguificare.
919 4093 950 4192 ⁴)
968 4151 972 4167 ,
1002 4093 1123 4167 Paullo
1141 4096 1325 4190 humanior,
1351 4091 1410 4167 sed

387 4330 418 4413 t)
445 4333 493 4391 Sat
519 4336 573 4392 scio
594 4333 737 4400 neminen,
768 4334 812 4406 qni
832 4333 958 4390 aemonis
979 4333 1113 4392 Homerici
1133 4330 1325 4410 simplicitatem
1345 4335 1413 4392 mue

303 4424 430 4500 cognitum
450 4417 559 4495 habeat,
585 4433 754 4476 assensurum
775 4435 834 4476 esna
853 4417 970 4476 Hafftero
990 4439 1018 4496 p.
1038 4415 1111 4478 292.
1131 4419 1294 4480 contendenti
1310 4415 1412 4502 ,inpie
