3086 5050
334 337 340 347 ’
403 345 461 450 ω
479 343 725 433 mmonromo
743 345 971 410 mammon
1176 347 1241 416 aar
1334 383 1336 389 ι

126 517 248 607 ,inissa
273 513 305 588 si
328 516 508 588 transversi
531 515 787 609 collocarentur,
813 539 909 614 quam
934 521 1016 614 quot
1030 513 1120 588 basis
1135 513 1242 590 tdsss

131 621 204 716 guli
230 626 375 714 caperet.
426 617 523 709 Quod
549 619 579 690 si
605 619 782 715 quidest,
813 618 903 716 quod
926 617 961 691 in
986 617 1156 692 viscontii
1181 617 1242 690 de*

132 721 314 818 scriptione
337 743 404 792 nou
429 727 520 793 reete
546 720 668 792 iactum
693 719 857 812 dieamus,
885 720 995 792 estid
1019 720 1055 792 in
1080 741 1120 792 eo
1146 721 1241 817 posi·

131 832 214 914 tum,
240 820 327 920 quod
353 827 388 893 ct
413 822 580 894 sinistrum
591 822 693 894 *latus
718 822 927 918 hippodromi
952 822 1023 894 sinc
1040 844 1158 894 caussa
1177 845 1242 894 uu·
1383 899 1391 906 ,

132 924 261 1021 gustius
282 922 405 994 ‘dextro
430 922 523 1016 fecit,
549 932 603 1014 et,
630 947 727 1019 quum
753 923 846 996 basin
872 925 967 996 cunei
991 931 1082 995 recte
1108 921 1243 1020 quidem

130 1043 249 1122 purum·
270 1025 379 1096 dextri
404 1025 519 1097 lateris
543 1024 711 1096 latitudini
735 1025 890 1116 fecisset,
922 1034 1053 1118 tamen,
1082 1045 1180 1124 quum
1202 1025 1241 1098 iu

130 1127 227 1200 cunei
262 1126 325 1198 alis
357 1126 470 1222 plures
503 1127 701 1198 collocasset
740 1150 890 1200 carceres
926 1145 1020 1222 quam
1053 1127 1170 1222 quibus
1204 1126 1241 1198 in
1278 1188 1281 1196 .

130 1229 203 1300 basi
226 1229 321 1300 locus
342 1235 449 1320 esset,
475 1253 587 1300 omnes
603 1251 706 1324 equos
720 1227 875 1325 deinceps
892 1228 1110 1300 ecareeribus
1123 1249 1241 1324 egres-

28 1413 36 1421 ,
68 1327 73 1336 ’
130 1353 188 1403 sos
212 1328 348 1401 iunctim
380 1330 563 1402 cucurrisse
589 1330 802 1402 existimavit.
859 1328 943 1424 Nam
975 1330 1058 1402 daec
1090 1330 1178 1401 iuter
1202 1350 1241 1402 so

129 1429 1029 1628 didieitddtbddfittddddid?
1050 1429 1241 1605 bittit·
1303 1561 1304 1566 ψ

130 1633 260 1732 piendis
291 1653 356 1705 non
391 1633 575 1706 sufficiebat
606 1633 694 1704 basis
728 1635 844 1726 cunei,
879 1633 1043 1730 quomodo
1076 1657 1138 1730 par
1169 1633 1241 1704 basi

130 1736 188 1808 isti
212 1733 352 1807 latitudo
377 1735 493 1806 lateris
517 1734 726 1830 hippodromi
750 1735 886 1812 iunctim
906 1743 1082 1814 currentes*
1098 1733 1242 1831 quadra-

131 1839 223 1933 ginta
256 1835 432 1932 quadrigas
461 1829 632 1933 cepisset?
682 1834 799 1932 Itaque
831 1861 893 1935 pro
925 1837 1002 1909 ista
1022 1835 1152 1931 quidem
1177 1857 1242 1908 ex·
1304 1855 1309 1876 ·

72 2017 76 2024 λ
130 1938 308 2035 plicatione
344 1945 400 2010 aut
440 1961 577 2010 cuneum
610 1937 690 2009 fecit
722 1936 1038 2034 viscontonum
1071 1937 1241 2030 maiorem,

130 2048 188 2112 aut
213 2039 382 2135 angustius
408 2063 502 2136 quam
528 2039 777 2111 debebat-latus
803 2038 1189 2137 dextrumbippodromi.

173 2210 175 2224 ,
231 2138 301 2214 Sed
328 2141 572 2213 consideremus
598 2141 783 2213 accuratius
809 2165 868 2234 ee,
903 2165 986 2239 quae
1012 2142 1053 2212 de
1081 2164 1239 2239 equorum

131 2242 305 2327 emissione
330 2242 459 2313 rettth
474 2240 669 2312 Pausanias.
719 2240 762 2313 In
787 2243 894 2314 medio
921 2267 1025 2314 cuneo
1051 2243 1086 2313 in
1106 2263 1163 2313 ara
1187 2242 1241 2312 la·-
1326 2287 1331 2310 r

78 2351 83 2363 “
129 2343 260 2433 terioia,
287 2363 370 2438 quae
395 2363 588 2436 unaquaque
603 2339 801 2436 Olympiada
827 2343 868 2414 ad
889 2366 960 2414 cum
978 2367 1071 2414 usum
1085 2350 1239 2415 exstruo

130 2445 239 2534 namn,
266 2465 363 2514 aerea
389 2443 498 2538 aquila
524 2441 585 2512 alis
609 2442 770 2514 latissime
790 2444 947 2539 expansis
960 2443 1101 2516 iacebat.
1151 2442 1286 2516 Eamll
1416 2469 1417 2474 ¹

130 2546 287 2642 aquilam,
313 2544 400 2639 quod
426 2566 576 2616 carceres
602 2543 723 2616 obiecti
748 2552 871 2636 esseut,
897 2568 963 2616 nou
985 2544 1136 2616 uidebant
1161 2567 1257 2640 spc-¹

130 2656 298 2720 datores.
339 2642 425 2717 Item
449 2645 485 2715 in
502 2651 650 2717 extremo
671 2651 781 2716 rostro
796 2645 970 2742 delphinus
990 2645 1025 2716 iu
1045 2645 1138 2717 trabe
1154 2653 1240 2718 erut.

129 2747 203 2820 lam
227 2748 284 2818 ubi
308 2746 459 2818 mittendi
484 2754 596 2818 essent
620 2746 715 2842 equi,
742 2755 854 2818 rector
877 2746 1065 2837 machinae,
1100 2750 1164 2842 qua
1188 2747 1242 2818 ri-

131 2849 250 2922 dentur
274 2849 384 2944 aquila
409 2854 443 2920 et
467 2847 640 2943 deipbinus
666 2849 812 2944 copulati
836 2848 953 2940 fuisse,
979 2849 1119 2944 aquilam
1136 2849 1172 2920 in
1189 2849 1242 2920 ui·

130 2959 200 3024 tum
226 2949 403 3042 evehebat,
435 2949 483 3022 ita
507 2957 544 3020 ut
568 2951 634 3020 iam
659 2973 759 3046 supra
784 2973 937 3022 carceres
962 2951 1080 3022 elstan
1106 2949 1242 3048 conspis

130 3060 246 3125 curent
269 3059 493 3149 spectatoresa
531 3051 628 3122 simul
661 3062 768 3124 autem
805 3052 977 3150 delphinus
1004 3051 1159 3142 cadebat,
1192 3053 1241 3124 ita

131 3155 275 3245 scilieet,
301 3161 338 3227 ut
361 3152 470 3250 capite
495 3177 621 3250 pronum
646 3153 739 3250 quasi
764 3156 870 3250 mergi
895 3154 1074 3226 uideretur.
1124 3151 1167 3225 Id
1192 3153 1242 3226 si·
1288 3211 1296 3234 .

132 3275 232 3350 gnum
258 3261 330 3327 erut
354 3254 522 3326 mittendis
547 3255 660 3350 equis,
692 3253 870 3326 indicatum
897 3256 1015 3353 opinor
1039 3263 1135 3328 antea
1161 3277 1241 3350 spes

124 3355 313 3428 ‹matonbos
339 3355 493 3450 clangore
518 3353 635 3446 tubae,
671 3362 709 3426 ut
734 3355 839 3426 oculis
871 3363 1066 3450 quaererent
1090 3355 1242 3430 crudatu-

123 3479 203 3529 vrum
229 3456 382 3552 aquilam.
432 3454 598 3527 Aristides
630 3455 707 3552 quid
740 3455 873 3528 artificii
905 3456 947 3527 ad
973 3456 1130 3528 Cleoctae
1157 3478 1240 3553 opus

130 3557 323 3648 contulerit,
349 3579 412 3629 neo
436 3555 521 3628 dixit
544 3555 747 3648 Pausanias,
773 3558 904 3654 etipse
929 3557 1015 3629 baud
1041 3557 1122 3629 satis
1148 3581 1241 3630 com·

94 3711 96 3718 ·
130 3667 262 3757 portum
287 3656 417 3730 ridetur
441 3658 607 3731 babuisse.
658 3656 729 3730 Sed
754 3681 837 3759 quae
863 3658 904 3730 de
920 3659 1047 3731 rationu
1063 3657 1242 3734 mittundo-

132 3783 206 3834 rum
231 3783 388 3858 equorum
408 3760 554 3856 scripsit,
581 3767 693 3857 aperte
710 3759 870 3851 indicant,
895 3785 1091 3857 progressos
1106 3785 1151 3832 ex
1165 3785 1242 3834 ear·
1499 3847 1503 3857 f

82 3947 83 3950 Ἴ
133 3862 264 3936 ceribus
278 3893 283 3900 ·
296 3885 411 3936 currus
444 3885 556 3934 omnes
589 3869 664 3933 ante
697 3869 839 3933 rostrum
872 3861 1009 3936 iunctim
1032 3885 1098 3935 uno
1125 3863 1240 3936 ordine
1356 3943 1357 3946 ,

133 3985 210 4034 essu
227 3973 435 4062 conspectos.
458 3961 517 4033 ,lu
536 3988 602 4035 non
615 3987 689 4035 esse
706 3963 756 4035 sic
771 3955 1033 4058 intelligendum,
1060 3971 1097 4036 ut
1113 3964 1241 4060 egressi

132 4087 180 4136 cx
205 4067 390 4138 carceribus
416 4072 491 4138 aute
517 4073 659 4138 rostrum
685 4089 796 4137 omnes
819 4064 1023 4138 substiterint
1035 4067 1126 4164 prius
1144 4087 1240 4160 quum

133 4187 269 4238 cursum
298 4167 500 4264 inciperent,
539 4167 665 4240 monuit
688 4166 932 4264 Ratbgeberus.
988 4167 1065 4240 Hoc
1097 4165 1240 4250 enimsi

133 4265 256 4340 mun
281 4278 390 4360 esset,
422 4291 508 4342 novo
540 4269 635 4366 signo
668 4268 709 4340 ad
742 4291 909 4340 cursuram
943 4268 1025 4364 opds
1049 4267 1170 4355 fuisse3
1195 4266 1239 4340 de
1393 4348 1401 4364 χ

136 4392 202 4465 quo
226 4368 312 4442 nibil
336 4368 670 4446 dicerePausaniam.
718 4367 858 4446 Poterat
874 4371 1003 4468 quidem
1018 4369 1265 4468 mbadgnnm
