<?xml version="1.0" encoding="UTF-8"?>
<!DOCTYPE html PUBLIC "-//W3C//DTD XHTML 1.0 Transitional//EN"
    "http://www.w3.org/TR/xhtml1/DTD/xhtml1-transitional.dtd">
<html xmlns="http://www.w3.org/1999/xhtml" xml:lang="en" lang="en">
 <head>
  <title>
</title>
<meta http-equiv="Content-Type" content="text/html;charset=utf-8" />
  <meta name='ocr-system' content='tesseract 3.04.00' />
  <meta name='ocr-capabilities' content='ocr_page ocr_carea ocr_par ocr_line ocrx_word'/>
</head>
<body>
  <div class='ocr_page' id='page_1' title='image "./opuscula05hermgoog/opuscula05hermgoog_0223.png"; bbox 0 0 3076 5046; ppageno 0'>
   <div class='ocr_carea' id='block_1_1' title="bbox 272 263 1216 388">
    <p class='ocr_par' dir='ltr' id='par_1_1' title="bbox 272 263 1216 388">
     <span class='ocr_line' id='line_1_1' title="bbox 272 263 1216 388; baseline -0.006 -2"><span class='ocrx_word' id='word_1_1' title='bbox 272 320 336 388; x_wconf 78' lang='lat'>216</span> <span class='ocrx_word' id='word_1_2' title='bbox 454 323 505 384; x_wconf 80' lang='lat' dir='ltr'>DE</span> <span class='ocrx_word' id='word_1_3' title='bbox 527 320 744 382; x_wconf 73' lang='lat' dir='ltr'>Turdorum</span> <span class='ocrx_word' id='word_1_4' title='bbox 765 317 1034 385; x_wconf 74' lang='lat' dir='ltr'>comounmaon</span> <span class='ocrx_word' id='word_1_5' title='bbox 1052 263 1216 382; x_wconf 34' lang='lat' dir='ltr'>Luaron)</span> 
     </span>
    </p>
   </div>
   <div class='ocr_carea' id='block_1_2' title="bbox 175 479 1451 1906">
    <p class='ocr_par' dir='ltr' id='par_1_2' title="bbox 175 479 1390 1396">
     <span class='ocr_line' id='line_1_2' title="bbox 274 479 1386 586; baseline -0.004 -22"><span class='ocrx_word' id='word_1_6' title='bbox 274 488 413 564; x_wconf 85' lang='lat' dir='ltr'>ridicule</span> <span class='ocrx_word' id='word_1_7' title='bbox 445 489 681 586; x_wconf 80' lang='lat' dir='ltr'>interpretatus</span> <span class='ocrx_word' id='word_1_8' title='bbox 713 494 766 560; x_wconf 87' lang='lat' dir='ltr'>est</span> <span class='ocrx_word' id='word_1_9' title='bbox 796 512 874 562; x_wconf 75' lang='grc' dir='ltr'><strong><em>τινα</em></strong></span> <span class='ocrx_word' id='word_1_10' title='bbox 907 485 1081 562; x_wconf 68' lang='lat' dir='ltr'>mannen</span> <span class='ocrx_word' id='word_1_11' title='bbox 1111 483 1161 560; x_wconf 80' lang='lat' dir='ltr'>de</span> <span class='ocrx_word' id='word_1_12' title='bbox 1192 479 1386 585; x_wconf 53' lang='lat' dir='ltr'>tragedia,</span> 
     </span>
     <span class='ocr_line' id='line_1_3' title="bbox 275 581 1386 686; baseline -0.003 -23"><span class='ocrx_word' id='word_1_13' title='bbox 275 592 399 663; x_wconf 90' lang='lat' dir='ltr'>indicat</span> <span class='ocrx_word' id='word_1_14' title='bbox 437 591 604 662; x_wconf 78' lang='lat' dir='ltr'>Aristides</span> <span class='ocrx_word' id='word_1_15' title='bbox 637 589 859 680; x_wconf 77' lang='lat' dir='ltr'>Quintilianus</span> <span class='ocrx_word' id='word_1_16' title='bbox 894 614 930 686; x_wconf 85' lang='lat' dir='ltr'>p.</span> <span class='ocrx_word' id='word_1_17' title='bbox 957 591 1019 664; x_wconf 81' lang='lat'>29.</span> <span class='ocrx_word' id='word_1_18' title='bbox 1049 593 1150 685; x_wconf 80' lang='lat' dir='ltr'>seqq.</span> <span class='ocrx_word' id='word_1_19' title='bbox 1181 581 1312 684; x_wconf 84' lang='grc' dir='ltr'><strong><em>τρόποι</em></strong></span> <span class='ocrx_word' id='word_1_20' title='bbox 1343 583 1386 660; x_wconf 77' lang='grc' dir='ltr'>δὲ</span> 
     </span>
     <span class='ocr_line' id='line_1_4' title="bbox 274 683 1386 793; baseline -0.003 -27"><span class='ocrx_word' id='word_1_21' title='bbox 274 691 485 790; x_wconf 65' lang='lat' dir='ltr'>pedunculos</span> <span class='ocrx_word' id='word_1_22' title='bbox 515 689 611 793; x_wconf 78' lang='grc' dir='ltr'><strong><em>γένει</em></strong></span> <span class='ocrx_word' id='word_1_23' title='bbox 643 686 714 787; x_wconf 77' lang='grc' dir='ltr'>μὲν</span> <span class='ocrx_word' id='word_1_24' title='bbox 737 695 853 784; x_wconf 86' lang='grc' dir='ltr'><strong><em>τρεῖς,</em></strong></span> <span class='ocrx_word' id='word_1_25' title='bbox 889 684 1187 787; x_wconf 78' lang='grc' dir='ltr'><strong><em>διθυραμβικός,</em></strong></span> <span class='ocrx_word' id='word_1_26' title='bbox 1221 683 1386 784; x_wconf 81' lang='grc' dir='ltr'><strong><em>νομικός,</em></strong></span> 
     </span>
     <span class='ocr_line' id='line_1_5' title="bbox 274 785 1387 896; baseline -0.004 -29"><span class='ocrx_word' id='word_1_27' title='bbox 274 789 457 896; x_wconf 88' lang='grc' dir='ltr'><strong><em>τραγικός.</em></strong></span> <span class='ocrx_word' id='word_1_28' title='bbox 499 789 519 865; x_wconf 82' lang='grc' dir='ltr'><em>ὃ</em></span> <span class='ocrx_word' id='word_1_29' title='bbox 544 788 614 887; x_wconf 78' lang='grc' dir='ltr'>μὲν</span> <span class='ocrx_word' id='word_1_30' title='bbox 638 791 789 886; x_wconf 87' lang='grc' dir='ltr'><strong><em>νομικὸς</em></strong></span> <span class='ocrx_word' id='word_1_31' title='bbox 813 786 948 889; x_wconf 79' lang='grc' dir='ltr'><em>τρόπος</em></span> <span class='ocrx_word' id='word_1_32' title='bbox 972 791 1049 866; x_wconf 79' lang='grc' dir='ltr'><strong><em>’ἐστὶ</em></strong></span> <span class='ocrx_word' id='word_1_33' title='bbox 1072 785 1271 886; x_wconf 75' lang='grc' dir='ltr'><strong><em>νητσειδής·</em></strong></span> <span class='ocrx_word' id='word_1_34' title='bbox 1299 789 1319 863; x_wconf 84' lang='grc' dir='ltr'><strong><em>ὅ</em></strong></span> <span class='ocrx_word' id='word_1_35' title='bbox 1344 786 1387 864; x_wconf 78' lang='lat' dir='ltr'>dd</span> 
     </span>
     <span class='ocr_line' id='line_1_6' title="bbox 276 886 1388 994; baseline -0.005 -24"><span class='ocrx_word' id='word_1_36' title='bbox 276 890 555 993; x_wconf 75' lang='grc' dir='ltr'><strong><em>διθυραμβικὸς</em></strong></span> <span class='ocrx_word' id='word_1_37' title='bbox 586 888 792 988; x_wconf 73' lang='grc' dir='ltr'><strong><em>μεσοειιῖής·</em></strong></span> <span class='ocrx_word' id='word_1_38' title='bbox 830 893 850 966; x_wconf 84' lang='grc' dir='ltr'><em>ὃ</em></span> <span class='ocrx_word' id='word_1_39' title='bbox 882 891 924 968; x_wconf 71' lang='grc' dir='ltr'>δὲ</span> <span class='ocrx_word' id='word_1_40' title='bbox 955 891 1127 994; x_wconf 87' lang='grc' dir='ltr'><strong><em>τραγικὸς</em></strong></span> <span class='ocrx_word' id='word_1_41' title='bbox 1157 886 1388 987; x_wconf 75' lang='grc' dir='ltr'><strong><em>ὑπατοειὸής.</em></strong></span> 
     </span>
     <span class='ocr_line' id='line_1_7' title="bbox 175 995 1390 1094; baseline -0.004 -22"><span class='ocrx_word' id='word_1_42' title='bbox 175 1017 181 1024; x_wconf 87' lang='grc'>·</span> <span class='ocrx_word' id='word_1_43' title='bbox 275 997 323 1072; x_wconf 75' lang='lat' dir='ltr'>dt</span> <span class='ocrx_word' id='word_1_44' title='bbox 350 998 423 1094; x_wconf 89' lang='lat' dir='ltr'>quis</span> <span class='ocrx_word' id='word_1_45' title='bbox 449 997 502 1068; x_wconf 91' lang='lat' dir='ltr'>vel</span> <span class='ocrx_word' id='word_1_46' title='bbox 529 1020 574 1067; x_wconf 89' lang='lat' dir='ltr'>ex</span> <span class='ocrx_word' id='word_1_47' title='bbox 601 996 654 1066; x_wconf 79' lang='lat' dir='ltr'>luis</span> <span class='ocrx_word' id='word_1_48' title='bbox 681 995 802 1086; x_wconf 85' lang='lat' dir='ltr'>uerbis,</span> <span class='ocrx_word' id='word_1_49' title='bbox 833 997 887 1067; x_wconf 89' lang='lat' dir='ltr'>vel</span> <span class='ocrx_word' id='word_1_50' title='bbox 912 1020 954 1067; x_wconf 83' lang='lat' dir='ltr'>ex</span> <span class='ocrx_word' id='word_1_51' title='bbox 980 996 1036 1087; x_wconf 88' lang='lat' dir='ltr'>iis,</span> <span class='ocrx_word' id='word_1_52' title='bbox 1064 1019 1147 1091; x_wconf 87' lang='lat' dir='ltr'>quae</span> <span class='ocrx_word' id='word_1_53' title='bbox 1171 995 1285 1090; x_wconf 88' lang='lat' dir='ltr'>paullo</span> <span class='ocrx_word' id='word_1_54' title='bbox 1311 1001 1390 1091; x_wconf 83' lang='lat' dir='ltr'>post</span> 
     </span>
     <span class='ocr_line' id='line_1_8' title="bbox 276 1092 1390 1197; baseline -0.002 -27"><span class='ocrx_word' id='word_1_55' title='bbox 276 1102 444 1197; x_wconf 83' lang='lat' dir='ltr'>leguntur,</span> <span class='ocrx_word' id='word_1_56' title='bbox 469 1092 600 1190; x_wconf 81' lang='grc' dir='ltr'><strong><em>τρόποι</em></strong></span> <span class='ocrx_word' id='word_1_57' title='bbox 624 1093 665 1169; x_wconf 77' lang='lat' dir='ltr'>dd</span> <span class='ocrx_word' id='word_1_58' title='bbox 691 1094 858 1197; x_wconf 78' lang='grc' dir='ltr'><strong><em>λέγονται</em></strong></span> <span class='ocrx_word' id='word_1_59' title='bbox 880 1094 944 1169; x_wconf 79' lang='lat' dir='ltr'>dodo</span> <span class='ocrx_word' id='word_1_60' title='bbox 964 1094 1007 1169; x_wconf 85' lang='grc' dir='ltr'>τὸ</span> <span class='ocrx_word' id='word_1_61' title='bbox 1025 1093 1291 1194; x_wconf 81' lang='grc' dir='ltr'><strong><em>συνεμφαίνειν</em></strong></span> <span class='ocrx_word' id='word_1_62' title='bbox 1311 1092 1390 1177; x_wconf 74' lang='grc' dir='ltr'><strong><em>παῖς</em></strong></span> 
     </span>
     <span class='ocr_line' id='line_1_9' title="bbox 275 1195 1389 1294; baseline -0.005 -20"><span class='ocrx_word' id='word_1_63' title='bbox 275 1200 318 1274; x_wconf 85' lang='grc' dir='ltr'>τὸ</span> <span class='ocrx_word' id='word_1_64' title='bbox 344 1195 439 1294; x_wconf 74' lang='grc' dir='ltr'><strong><em>ἦθος</em></strong></span> <span class='ocrx_word' id='word_1_65' title='bbox 463 1195 630 1272; x_wconf 79' lang='grc' dir='ltr'><strong><em>κατὰτὰ</em></strong></span> <span class='ocrx_word' id='word_1_66' title='bbox 654 1196 744 1293; x_wconf 79' lang='grc' dir='ltr'><strong><em>μέλη</em></strong></span> <span class='ocrx_word' id='word_1_67' title='bbox 768 1205 832 1293; x_wconf 85' lang='grc' dir='ltr'>τῆς</span> <span class='ocrx_word' id='word_1_68' title='bbox 857 1195 1036 1286; x_wconf 74' lang='grc' dir='ltr'><strong><em>διανοίας,</em></strong></span> <span class='ocrx_word' id='word_1_69' title='bbox 1062 1198 1205 1294; x_wconf 83' lang='lat' dir='ltr'>aliquam</span> <span class='ocrx_word' id='word_1_70' title='bbox 1229 1197 1389 1294; x_wconf 84' lang='lat' dir='ltr'>effingere</span> 
     </span>
     <span class='ocr_line' id='line_1_10' title="bbox 277 1293 1028 1396; baseline -0.008 -21"><span class='ocrx_word' id='word_1_71' title='bbox 277 1303 364 1375; x_wconf 80' lang='lat' dir='ltr'>ausit</span> <span class='ocrx_word' id='word_1_72' title='bbox 389 1293 534 1396; x_wconf 88' lang='lat' dir='ltr'>lyricam</span> <span class='ocrx_word' id='word_1_73' title='bbox 550 1294 783 1396; x_wconf 82' lang='lat' dir='ltr'>tragoediam?</span> <span class='ocrx_word' id='word_1_74' title='bbox 1027 1303 1028 1306; x_wconf 73' lang='grc'>’</span> 
     </span>
    </p>

    <p class='ocr_par' dir='ltr' id='par_1_3' title="bbox 277 1396 1451 1906">
     <span class='ocr_line' id='line_1_11' title="bbox 281 1396 1391 1500; baseline -0.004 -26"><span class='ocrx_word' id='word_1_75' title='bbox 281 1408 286 1420; x_wconf 57' lang='lat'><em>¹</em></span> <span class='ocrx_word' id='word_1_76' title='bbox 377 1403 442 1474; x_wconf 91' lang='lat' dir='ltr'>His</span> <span class='ocrx_word' id='word_1_77' title='bbox 468 1403 582 1499; x_wconf 82' lang='lat' dir='ltr'>igitur,</span> <span class='ocrx_word' id='word_1_78' title='bbox 610 1425 692 1500; x_wconf 90' lang='lat' dir='ltr'>quae</span> <span class='ocrx_word' id='word_1_79' title='bbox 718 1402 876 1474; x_wconf 89' lang='lat' dir='ltr'>haetenus</span> <span class='ocrx_word' id='word_1_80' title='bbox 902 1401 1083 1491; x_wconf 82' lang='lat' dir='ltr'>attulimus,</span> <span class='ocrx_word' id='word_1_81' title='bbox 1109 1401 1201 1473; x_wconf 92' lang='lat' dir='ltr'>nullo</span> <span class='ocrx_word' id='word_1_82' title='bbox 1219 1396 1316 1472; x_wconf 92' lang='lat' dir='ltr'>modo</span> <span class='ocrx_word' id='word_1_83' title='bbox 1331 1397 1391 1470; x_wconf 89' lang='lat' dir='ltr'>de·</span> 
     </span>
     <span class='ocr_line' id='line_1_12' title="bbox 277 1497 1391 1598; baseline -0.006 -20"><span class='ocrx_word' id='word_1_84' title='bbox 277 1513 492 1578; x_wconf 86' lang='lat' dir='ltr'>monstratum</span> <span class='ocrx_word' id='word_1_85' title='bbox 518 1512 569 1576; x_wconf 89' lang='lat' dir='ltr'>est</span> <span class='ocrx_word' id='word_1_86' title='bbox 584 1503 718 1598; x_wconf 87' lang='lat' dir='ltr'>lyricam</span> <span class='ocrx_word' id='word_1_87' title='bbox 737 1503 906 1598; x_wconf 89' lang='lat' dir='ltr'>quamdam</span> <span class='ocrx_word' id='word_1_88' title='bbox 925 1503 1027 1575; x_wconf 87' lang='lat' dir='ltr'>luisse</span> <span class='ocrx_word' id='word_1_89' title='bbox 1041 1501 1258 1598; x_wconf 83' lang='lat' dir='ltr'>tragoediam.</span> <span class='ocrx_word' id='word_1_90' title='bbox 1293 1497 1391 1592; x_wconf 74' lang='lat' dir='ltr'>Quod</span> 
     </span>
     <span class='ocr_line' id='line_1_13' title="bbox 279 1600 1392 1708; baseline -0.006 -29"><span class='ocrx_word' id='word_1_91' title='bbox 279 1608 309 1680; x_wconf 89' lang='lat' dir='ltr'>si</span> <span class='ocrx_word' id='word_1_92' title='bbox 330 1607 444 1708; x_wconf 81' lang='lat' dir='ltr'>pergit</span> <span class='ocrx_word' id='word_1_93' title='bbox 468 1604 680 1696; x_wconf 81' lang='lat' dir='ltr'>Boeclrbius,</span> <span class='ocrx_word' id='word_1_94' title='bbox 715 1629 813 1700; x_wconf 89' lang='lat' dir='ltr'>quum</span> <span class='ocrx_word' id='word_1_95' title='bbox 839 1629 882 1676; x_wconf 84' lang='lat' dir='ltr'>ex</span> <span class='ocrx_word' id='word_1_96' title='bbox 907 1605 1011 1700; x_wconf 90' lang='lat' dir='ltr'>lyrico</span> <span class='ocrx_word' id='word_1_97' title='bbox 1037 1605 1113 1675; x_wconf 87' lang='lat' dir='ltr'>lusu</span> <span class='ocrx_word' id='word_1_98' title='bbox 1139 1603 1314 1698; x_wconf 87' lang='lat' dir='ltr'>eborisque</span> <span class='ocrx_word' id='word_1_99' title='bbox 1339 1600 1392 1672; x_wconf 86' lang='lat' dir='ltr'>fa·</span> 
     </span>
     <span class='ocr_line' id='line_1_14' title="bbox 278 1703 1393 1798; baseline -0.005 -18"><span class='ocrx_word' id='word_1_100' title='bbox 278 1710 373 1780; x_wconf 91' lang='lat' dir='ltr'>bulas</span> <span class='ocrx_word' id='word_1_101' title='bbox 395 1708 547 1780; x_wconf 86' lang='lat' dir='ltr'>scenicas</span> <span class='ocrx_word' id='word_1_102' title='bbox 574 1716 687 1779; x_wconf 87' lang='lat' dir='ltr'>enatos</span> <span class='ocrx_word' id='word_1_103' title='bbox 707 1707 787 1778; x_wconf 63' lang='lat' dir='ltr'>&#39;esse</span> <span class='ocrx_word' id='word_1_104' title='bbox 813 1714 962 1798; x_wconf 88' lang='lat' dir='ltr'>constet,</span> <span class='ocrx_word' id='word_1_105' title='bbox 998 1731 1066 1778; x_wconf 91' lang='lat' dir='ltr'>non</span> <span class='ocrx_word' id='word_1_106' title='bbox 1091 1714 1199 1778; x_wconf 86' lang='lat' dir='ltr'>tamen</span> <span class='ocrx_word' id='word_1_107' title='bbox 1223 1703 1309 1775; x_wconf 93' lang='lat' dir='ltr'>illud</span> <span class='ocrx_word' id='word_1_108' title='bbox 1334 1725 1393 1774; x_wconf 89' lang='lat' dir='ltr'>ae-</span> 
     </span>
     <span class='ocr_line' id='line_1_15' title="bbox 279 1805 1451 1906; baseline -0.008 -25"><span class='ocrx_word' id='word_1_109' title='bbox 279 1835 344 1906; x_wconf 88' lang='lat' dir='ltr'>que</span> <span class='ocrx_word' id='word_1_110' title='bbox 368 1818 479 1882; x_wconf 91' lang='lat' dir='ltr'>uotum</span> <span class='ocrx_word' id='word_1_111' title='bbox 507 1833 601 1900; x_wconf 87' lang='lat' dir='ltr'>esse,</span> <span class='ocrx_word' id='word_1_112' title='bbox 638 1808 740 1880; x_wconf 87' lang='lat' dir='ltr'>luisse</span> <span class='ocrx_word' id='word_1_113' title='bbox 775 1807 934 1903; x_wconf 84' lang='lat' dir='ltr'>quoddam</span> <span class='ocrx_word' id='word_1_114' title='bbox 968 1808 1090 1901; x_wconf 78' lang='lat' dir='ltr'>lyricae</span> <span class='ocrx_word' id='word_1_115' title='bbox 1115 1805 1307 1904; x_wconf 83' lang='lat' dir='ltr'>tragoediae</span> <span class='ocrx_word' id='word_1_116' title='bbox 1333 1830 1393 1877; x_wconf 93' lang='lat' dir='ltr'>eo-</span> <span class='ocrx_word' id='word_1_117' title='bbox 1448 1865 1451 1872; x_wconf 80' lang='grc'><strong><em>,</em></strong></span> 
     </span>
    </p>
   </div>
   <div class='ocr_carea' id='block_1_3' title="bbox 135 1904 1393 2005">
    <p class='ocr_par' dir='ltr' id='par_1_4' title="bbox 135 1904 1393 2005">
     <span class='ocr_line' id='line_1_16' title="bbox 135 1904 1393 2005; baseline -0.005 -21"><span class='ocrx_word' id='word_1_118' title='bbox 135 1907 143 1916; x_wconf 76' lang='grc'><strong><em>’</em></strong></span> <span class='ocrx_word' id='word_1_119' title='bbox 279 1911 492 2005; x_wconf 88' lang='lat' dir='ltr'>moediaeque</span> <span class='ocrx_word' id='word_1_120' title='bbox 519 1921 594 1980; x_wconf 91' lang='lat' dir='ltr'>ante</span> <span class='ocrx_word' id='word_1_121' title='bbox 622 1909 832 1980; x_wconf 82' lang='lat' dir='ltr'>dramaticum</span> <span class='ocrx_word' id='word_1_122' title='bbox 859 1910 1020 2005; x_wconf 91' lang='lat' dir='ltr'>simulque</span> <span class='ocrx_word' id='word_1_123' title='bbox 1047 1933 1120 1980; x_wconf 93' lang='lat' dir='ltr'>cum</span> <span class='ocrx_word' id='word_1_124' title='bbox 1146 1933 1185 1981; x_wconf 93' lang='lat' dir='ltr'>eo</span> <span class='ocrx_word' id='word_1_125' title='bbox 1210 1907 1299 2003; x_wconf 89' lang='lat' dir='ltr'>apud</span> <span class='ocrx_word' id='word_1_126' title='bbox 1318 1904 1393 1978; x_wconf 85' lang='lat' dir='ltr'>Do-</span> 
     </span>
    </p>
   </div>
   <div class='ocr_carea' id='block_1_4' title="bbox 195 2009 1395 2512">
    <p class='ocr_par' dir='ltr' id='par_1_5' title="bbox 195 2009 1395 2512">
     <span class='ocr_line' id='line_1_17' title="bbox 200 2009 1393 2106; baseline -0.004 -22"><span class='ocrx_word' id='word_1_127' title='bbox 200 2037 204 2050; x_wconf 83' lang='lat'><strong><em>‘</em></strong></span> <span class='ocrx_word' id='word_1_128' title='bbox 280 2013 408 2084; x_wconf 90' lang='lat' dir='ltr'>rienses</span> <span class='ocrx_word' id='word_1_129' title='bbox 434 2020 531 2106; x_wconf 85' lang='lat' dir='ltr'>atque</span> <span class='ocrx_word' id='word_1_130' title='bbox 546 2009 730 2082; x_wconf 84' lang='lat' dir='ltr'>Aeolenses</span> <span class='ocrx_word' id='word_1_131' title='bbox 755 2010 930 2106; x_wconf 89' lang='lat' dir='ltr'>separatim</span> <span class='ocrx_word' id='word_1_132' title='bbox 958 2010 1126 2082; x_wconf 86' lang='lat' dir='ltr'>excultum</span> <span class='ocrx_word' id='word_1_133' title='bbox 1142 2033 1274 2106; x_wconf 67' lang='lat' dir='ltr'>genuen</span> <span class='ocrx_word' id='word_1_134' title='bbox 1294 2031 1393 2105; x_wconf 89' lang='lat' dir='ltr'>aper·</span> 
     </span>
     <span class='ocr_line' id='line_1_18' title="bbox 280 2111 1394 2208; baseline -0.005 -22"><span class='ocrx_word' id='word_1_135' title='bbox 280 2124 350 2186; x_wconf 89' lang='lat' dir='ltr'>tum</span> <span class='ocrx_word' id='word_1_136' title='bbox 376 2119 430 2183; x_wconf 65' lang='lat' dir='ltr'>est·</span> <span class='ocrx_word' id='word_1_137' title='bbox 452 2133 586 2182; x_wconf 91' lang='lat' dir='ltr'>narrare</span> <span class='ocrx_word' id='word_1_138' title='bbox 612 2135 684 2181; x_wconf 92' lang='lat' dir='ltr'>eum</span> <span class='ocrx_word' id='word_1_139' title='bbox 712 2111 797 2206; x_wconf 85' lang='lat' dir='ltr'>quod</span> <span class='ocrx_word' id='word_1_140' title='bbox 824 2112 896 2206; x_wconf 91' lang='lat' dir='ltr'>ipse</span> <span class='ocrx_word' id='word_1_141' title='bbox 920 2111 1024 2183; x_wconf 85' lang='lat' dir='ltr'>fuisse</span> <span class='ocrx_word' id='word_1_142' title='bbox 1050 2111 1215 2208; x_wconf 81' lang='lat' dir='ltr'>opinatur,</span> <span class='ocrx_word' id='word_1_143' title='bbox 1241 2136 1307 2183; x_wconf 90' lang='lat' dir='ltr'>nou</span> <span class='ocrx_word' id='word_1_144' title='bbox 1332 2132 1394 2180; x_wconf 89' lang='lat' dir='ltr'>au·</span> 
     </span>
     <span class='ocr_line' id='line_1_19' title="bbox 195 2210 1393 2309; baseline -0.006 -22"><span class='ocrx_word' id='word_1_145' title='bbox 195 2221 208 2248; x_wconf 77' lang='lat'><em>⁶</em></span> <span class='ocrx_word' id='word_1_146' title='bbox 281 2222 348 2287; x_wconf 90' lang='lat' dir='ltr'>tem</span> <span class='ocrx_word' id='word_1_147' title='bbox 374 2212 610 2284; x_wconf 85' lang='lat' dir='ltr'>demonstravit</span> <span class='ocrx_word' id='word_1_148' title='bbox 634 2211 748 2284; x_wconf 86' lang='lat' dir='ltr'>luisse.</span> <span class='ocrx_word' id='word_1_149' title='bbox 801 2211 887 2304; x_wconf 77' lang='lat' dir='ltr'>Quid</span> <span class='ocrx_word' id='word_1_150' title='bbox 914 2210 1017 2309; x_wconf 84' lang='lat' dir='ltr'>igitur</span> <span class='ocrx_word' id='word_1_151' title='bbox 1042 2212 1258 2304; x_wconf 87' lang='lat' dir='ltr'>censebimus,</span> <span class='ocrx_word' id='word_1_152' title='bbox 1295 2235 1393 2308; x_wconf 89' lang='lat' dir='ltr'>quum</span> 
     </span>
     <span class='ocr_line' id='line_1_20' title="bbox 282 2311 1393 2411; baseline -0.003 -25"><span class='ocrx_word' id='word_1_153' title='bbox 282 2315 365 2386; x_wconf 88' lang='lat' dir='ltr'>dicit</span> <span class='ocrx_word' id='word_1_154' title='bbox 388 2314 461 2384; x_wconf 91' lang='lat' dir='ltr'>iure</span> <span class='ocrx_word' id='word_1_155' title='bbox 487 2339 547 2386; x_wconf 85' lang='lat' dir='ltr'>auo</span> <span class='ocrx_word' id='word_1_156' title='bbox 563 2311 826 2409; x_wconf 89' lang='lat' dir='ltr'>Peloponnesios</span> <span class='ocrx_word' id='word_1_157' title='bbox 853 2315 915 2384; x_wconf 89' lang='lat' dir='ltr'>sibi</span> <span class='ocrx_word' id='word_1_158' title='bbox 938 2315 1154 2386; x_wconf 84' lang='lat' dir='ltr'>uindicauisse</span> <span class='ocrx_word' id='word_1_159' title='bbox 1175 2312 1393 2411; x_wconf 83' lang='lat' dir='ltr'>tragoediam,</span> 
     </span>
     <span class='ocr_line' id='line_1_21' title="bbox 281 2413 1395 2512; baseline -0.002 -24"><span class='ocrx_word' id='word_1_160' title='bbox 281 2417 469 2512; x_wconf 90' lang='lat' dir='ltr'>lyrieaeque</span> <span class='ocrx_word' id='word_1_161' title='bbox 494 2416 586 2506; x_wconf 80' lang='lat' dir='ltr'>illius</span> <span class='ocrx_word' id='word_1_162' title='bbox 612 2415 802 2511; x_wconf 83' lang='lat' dir='ltr'>tragoediae</span> <span class='ocrx_word' id='word_1_163' title='bbox 826 2417 1046 2487; x_wconf 87' lang='lat' dir='ltr'>inventionem</span> <span class='ocrx_word' id='word_1_164' title='bbox 1073 2417 1144 2488; x_wconf 91' lang='lat' dir='ltr'>sine</span> <span class='ocrx_word' id='word_1_165' title='bbox 1165 2416 1263 2487; x_wconf 94' lang='lat' dir='ltr'>dubio</span> <span class='ocrx_word' id='word_1_166' title='bbox 1281 2413 1395 2486; x_wconf 91' lang='lat' dir='ltr'>deberi</span> 
     </span>
    </p>
   </div>
   <div class='ocr_carea' id='block_1_5' title="bbox 283 2515 1521 2614">
    <p class='ocr_par' dir='ltr' id='par_1_6' title="bbox 283 2515 1521 2614">
     <span class='ocr_line' id='line_1_22' title="bbox 283 2515 1521 2614; baseline -0.004 -21"><span class='ocrx_word' id='word_1_167' title='bbox 283 2515 464 2612; x_wconf 85' lang='lat' dir='ltr'>Sicyoniis,</span> <span class='ocrx_word' id='word_1_168' title='bbox 491 2517 532 2589; x_wconf 92' lang='lat' dir='ltr'>de</span> <span class='ocrx_word' id='word_1_169' title='bbox 559 2518 674 2614; x_wconf 87' lang='lat' dir='ltr'>quibus</span> <span class='ocrx_word' id='word_1_170' title='bbox 700 2525 803 2589; x_wconf 88' lang='lat' dir='ltr'>testes</span> <span class='ocrx_word' id='word_1_171' title='bbox 821 2518 887 2606; x_wconf 87' lang='lat' dir='ltr'>sint</span> <span class='ocrx_word' id='word_1_172' title='bbox 904 2516 1095 2590; x_wconf 87' lang='lat' dir='ltr'>Herodotus</span> <span class='ocrx_word' id='word_1_173' title='bbox 1121 2525 1156 2590; x_wconf 86' lang='lat' dir='ltr'>et</span> <span class='ocrx_word' id='word_1_174' title='bbox 1172 2516 1392 2606; x_wconf 82' lang='lat' dir='ltr'>Themistius,</span> <span class='ocrx_word' id='word_1_175' title='bbox 1520 2599 1521 2608; x_wconf 15' lang='grc' dir='ltr'><strong><em>ρ</em></strong></span> 
     </span>
    </p>
   </div>
   <div class='ocr_carea' id='block_1_6' title="bbox 283 2616 1440 2918">
    <p class='ocr_par' dir='ltr' id='par_1_7' title="bbox 283 2616 1440 2918">
     <span class='ocr_line' id='line_1_23' title="bbox 284 2616 1440 2715; baseline -0.002 -23"><span class='ocrx_word' id='word_1_176' title='bbox 284 2642 386 2715; x_wconf 89' lang='lat' dir='ltr'>eaque</span> <span class='ocrx_word' id='word_1_177' title='bbox 413 2643 529 2691; x_wconf 87' lang='lat' dir='ltr'>caussa</span> <span class='ocrx_word' id='word_1_178' title='bbox 555 2620 651 2690; x_wconf 89' lang='lat' dir='ltr'>etiam</span> <span class='ocrx_word' id='word_1_179' title='bbox 678 2619 866 2691; x_wconf 90' lang='lat' dir='ltr'>comoediae</span> <span class='ocrx_word' id='word_1_180' title='bbox 892 2619 1113 2691; x_wconf 84' lang='lat' dir='ltr'>inventionem</span> <span class='ocrx_word' id='word_1_181' title='bbox 1139 2616 1307 2715; x_wconf 85' lang='lat' dir='ltr'>Sicyoniis</span> <span class='ocrx_word' id='word_1_182' title='bbox 1332 2617 1395 2690; x_wconf 87' lang='lat' dir='ltr'>tri·</span> <span class='ocrx_word' id='word_1_183' title='bbox 1439 2679 1440 2682; x_wconf 63' lang='lat'>,</span> 
     </span>
     <span class='ocr_line' id='line_1_24' title="bbox 283 2715 1395 2818; baseline 0 -26"><span class='ocrx_word' id='word_1_184' title='bbox 283 2721 344 2814; x_wconf 85' lang='lat' dir='ltr'>bui</span> <span class='ocrx_word' id='word_1_185' title='bbox 373 2722 412 2792; x_wconf 90' lang='lat' dir='ltr'>ab</span> <span class='ocrx_word' id='word_1_186' title='bbox 439 2718 569 2792; x_wconf 83' lang='lat' dir='ltr'>Oresta</span> <span class='ocrx_word' id='word_1_187' title='bbox 593 2715 728 2792; x_wconf 81' lang='lat' dir='ltr'>uideri?</span> <span class='ocrx_word' id='word_1_188' title='bbox 751 2777 754 2786; x_wconf 90' lang='lat'>.</span> <span class='ocrx_word' id='word_1_189' title='bbox 777 2718 982 2793; x_wconf 83' lang='lat' dir='ltr'>Crediderim</span> <span class='ocrx_word' id='word_1_190' title='bbox 1015 2745 1077 2816; x_wconf 83' lang='lat' dir='ltr'>ego</span> <span class='ocrx_word' id='word_1_191' title='bbox 1111 2721 1261 2818; x_wconf 89' lang='lat' dir='ltr'>quidem,</span> <span class='ocrx_word' id='word_1_192' title='bbox 1297 2744 1395 2816; x_wconf 86' lang='lat' dir='ltr'>quum</span> 
     </span>
     <span class='ocr_line' id='line_1_25' title="bbox 286 2822 1395 2918; baseline 0.002 -26"><span class='ocrx_word' id='word_1_193' title='bbox 286 2828 369 2918; x_wconf 87' lang='lat' dir='ltr'>quae</span> <span class='ocrx_word' id='word_1_194' title='bbox 394 2822 552 2894; x_wconf 89' lang='lat' dir='ltr'>haetenus</span> <span class='ocrx_word' id='word_1_195' title='bbox 578 2823 679 2894; x_wconf 86' lang='lat' dir='ltr'>allata</span> <span class='ocrx_word' id='word_1_196' title='bbox 713 2822 897 2894; x_wconf 84' lang='lat' dir='ltr'>suntnihil</span> <span class='ocrx_word' id='word_1_197' title='bbox 922 2822 962 2894; x_wconf 93' lang='lat' dir='ltr'>de</span> <span class='ocrx_word' id='word_1_198' title='bbox 987 2823 1092 2917; x_wconf 88' lang='lat' dir='ltr'>lyrica</span> <span class='ocrx_word' id='word_1_199' title='bbox 1117 2822 1289 2918; x_wconf 79' lang='lat' dir='ltr'>tragoedia</span> <span class='ocrx_word' id='word_1_200' title='bbox 1314 2845 1395 2918; x_wconf 88' lang='lat' dir='ltr'>ape-</span> 
     </span>
    </p>
   </div>
   <div class='ocr_carea' id='block_1_7' title="bbox 284 2922 1521 3015">
    <p class='ocr_par' dir='ltr' id='par_1_8' title="bbox 284 2922 1521 3015">
     <span class='ocr_line' id='line_1_26' title="bbox 284 2922 1521 3015; baseline 0 -21"><span class='ocrx_word' id='word_1_201' title='bbox 284 2924 423 3015; x_wconf 90' lang='lat' dir='ltr'>ruerint,</span> <span class='ocrx_word' id='word_1_202' title='bbox 450 2949 517 2996; x_wconf 92' lang='lat' dir='ltr'>non</span> <span class='ocrx_word' id='word_1_203' title='bbox 543 2924 614 2995; x_wconf 90' lang='lat' dir='ltr'>siue</span> <span class='ocrx_word' id='word_1_204' title='bbox 640 2923 752 3014; x_wconf 88' lang='lat' dir='ltr'>dubio,</span> <span class='ocrx_word' id='word_1_205' title='bbox 778 2923 916 2996; x_wconf 88' lang='lat' dir='ltr'>sudvel</span> <span class='ocrx_word' id='word_1_206' title='bbox 943 2925 1085 2995; x_wconf 84' lang='lat' dir='ltr'>maxima</span> <span class='ocrx_word' id='word_1_207' title='bbox 1102 2949 1174 2996; x_wconf 91' lang='lat' dir='ltr'>cum</span> <span class='ocrx_word' id='word_1_208' title='bbox 1193 2922 1395 2996; x_wconf 85' lang='lat' dir='ltr'>dubitatione</span> <span class='ocrx_word' id='word_1_209' title='bbox 1520 2991 1521 3008; x_wconf 19' lang='grc' dir='ltr'><strong><em>ς</em></strong></span> 
     </span>
    </p>
   </div>
   <div class='ocr_carea' id='block_1_8' title="bbox 204 3023 1470 4030">
    <p class='ocr_par' dir='ltr' id='par_1_9' title="bbox 204 3023 1470 4030">
     <span class='ocr_line' id='line_1_27' title="bbox 285 3023 1470 3120; baseline 0 -24"><span class='ocrx_word' id='word_1_210' title='bbox 285 3033 388 3096; x_wconf 88' lang='lat' dir='ltr'>testes</span> <span class='ocrx_word' id='word_1_211' title='bbox 413 3026 504 3115; x_wconf 86' lang='lat' dir='ltr'>illos,</span> <span class='ocrx_word' id='word_1_212' title='bbox 532 3025 573 3096; x_wconf 91' lang='lat' dir='ltr'>ad</span> <span class='ocrx_word' id='word_1_213' title='bbox 600 3049 682 3120; x_wconf 90' lang='lat' dir='ltr'>quos</span> <span class='ocrx_word' id='word_1_214' title='bbox 707 3032 879 3120; x_wconf 86' lang='lat' dir='ltr'>provocat,</span> <span class='ocrx_word' id='word_1_215' title='bbox 906 3048 979 3096; x_wconf 89' lang='lat' dir='ltr'>esse</span> <span class='ocrx_word' id='word_1_216' title='bbox 1007 3026 1199 3097; x_wconf 89' lang='lat' dir='ltr'>audiendos.</span> <span class='ocrx_word' id='word_1_217' title='bbox 1236 3023 1298 3096; x_wconf 67' lang='lat' dir='ltr'>‘Et</span> <span class='ocrx_word' id='word_1_218' title='bbox 1320 3023 1397 3096; x_wconf 82' lang='lat' dir='ltr'>lle·</span> <span class='ocrx_word' id='word_1_219' title='bbox 1464 3045 1470 3056; x_wconf 66' lang='lat'><strong>¹</strong></span> 
     </span>
     <span class='ocr_line' id='line_1_28' title="bbox 284 3121 1396 3222; baseline -0.001 -24"><span class='ocrx_word' id='word_1_220' title='bbox 284 3127 422 3198; x_wconf 85' lang='lat' dir='ltr'>rodotus</span> <span class='ocrx_word' id='word_1_221' title='bbox 449 3126 578 3221; x_wconf 90' lang='lat' dir='ltr'>quidem</span> <span class='ocrx_word' id='word_1_222' title='bbox 603 3123 651 3196; x_wconf 89' lang='lat' dir='ltr'>V.</span> <span class='ocrx_word' id='word_1_223' title='bbox 678 3128 740 3200; x_wconf 81' lang='lat'>67.</span> <span class='ocrx_word' id='word_1_224' title='bbox 767 3126 817 3196; x_wconf 86' lang='lat' dir='ltr'>sic</span> <span class='ocrx_word' id='word_1_225' title='bbox 842 3121 996 3222; x_wconf 77' lang='lat' dir='ltr'>scripsitr</span> <span class='ocrx_word' id='word_1_226' title='bbox 1021 3122 1077 3198; x_wconf 72' lang='grc' dir='ltr'>’τὰ</span> <span class='ocrx_word' id='word_1_227' title='bbox 1103 3123 1143 3200; x_wconf 75' lang='lat' dir='ltr'>di</span> <span class='ocrx_word' id='word_1_228' title='bbox 1170 3123 1217 3221; x_wconf 74' lang='grc' dir='ltr'>δὴ</span> <span class='ocrx_word' id='word_1_229' title='bbox 1243 3126 1334 3199; x_wconf 74' lang='grc' dir='ltr'><strong><em>ἄλλα</em></strong></span> <span class='ocrx_word' id='word_1_230' title='bbox 1359 3121 1396 3198; x_wconf 81' lang='grc' dir='ltr'>οῖ</span> 
     </span>
     <span class='ocr_line' id='line_1_29' title="bbox 286 3222 1396 3323; baseline 0 -24"><span class='ocrx_word' id='word_1_231' title='bbox 286 3222 491 3302; x_wconf 78' lang='grc' dir='ltr'><strong><em>Σικυώνιοι</em></strong></span> <span class='ocrx_word' id='word_1_232' title='bbox 516 3224 654 3322; x_wconf 78' lang='grc' dir='ltr'><strong><em>ἐτίμων</em></strong></span> <span class='ocrx_word' id='word_1_233' title='bbox 677 3224 745 3300; x_wconf 87' lang='grc' dir='ltr'>τὸν</span> <span class='ocrx_word' id='word_1_234' title='bbox 761 3223 966 3321; x_wconf 74' lang='grc' dir='ltr'><strong><em>Ἄδρηστον</em></strong></span> <span class='ocrx_word' id='word_1_235' title='bbox 987 3224 1049 3299; x_wconf 82' lang='grc' dir='ltr'>καὶ</span> <span class='ocrx_word' id='word_1_236' title='bbox 1070 3224 1117 3323; x_wconf 78' lang='grc' dir='ltr'>δὴ</span> <span class='ocrx_word' id='word_1_237' title='bbox 1133 3223 1236 3322; x_wconf 81' lang='grc' dir='ltr'><strong><em>πρός,</em></strong></span> <span class='ocrx_word' id='word_1_238' title='bbox 1262 3226 1309 3300; x_wconf 85' lang='grc' dir='ltr'>τὰ</span> <span class='ocrx_word' id='word_1_239' title='bbox 1324 3222 1396 3299; x_wconf 88' lang='grc' dir='ltr'><strong><em>ποί-</em></strong></span> 
     </span>
     <span class='ocr_line' id='line_1_30' title="bbox 285 3322 1396 3430; baseline 0 -29"><span class='ocrx_word' id='word_1_240' title='bbox 285 3331 359 3402; x_wconf 79' lang='grc' dir='ltr'>θεα</span> <span class='ocrx_word' id='word_1_241' title='bbox 386 3328 502 3402; x_wconf 80' lang='grc' dir='ltr'><strong><em>αὐτοῦ</em></strong></span> <span class='ocrx_word' id='word_1_242' title='bbox 526 3332 730 3428; x_wconf 74' lang='grc' dir='ltr'><strong><em>τραγικοῖσι</em></strong></span> <span class='ocrx_word' id='word_1_243' title='bbox 749 3333 894 3424; x_wconf 87' lang='grc' dir='ltr'><strong><em>χοροῖσι</em></strong></span> <span class='ocrx_word' id='word_1_244' title='bbox 911 3327 1112 3430; x_wconf 70' lang='grc' dir='ltr'><strong><em>ἐγέραιρον,</em></strong></span> <span class='ocrx_word' id='word_1_245' title='bbox 1137 3326 1205 3402; x_wconf 86' lang='grc' dir='ltr'>τὸν</span> <span class='ocrx_word' id='word_1_246' title='bbox 1221 3325 1292 3423; x_wconf 79' lang='grc' dir='ltr'>μὲν</span> <span class='ocrx_word' id='word_1_247' title='bbox 1308 3322 1396 3401; x_wconf 85' lang='grc' dir='ltr'><strong><em>Διί-</em></strong></span> 
     </span>
     <span class='ocr_line' id='line_1_31' title="bbox 282 3427 1396 3526; baseline 0.002 -26"><span class='ocrx_word' id='word_1_248' title='bbox 282 3452 404 3506; x_wconf 80' lang='grc' dir='ltr'><strong><em>,νυσον</em></strong></span> <span class='ocrx_word' id='word_1_249' title='bbox 412 3429 474 3526; x_wconf 81' lang='grc' dir='ltr'>,οὐ</span> <span class='ocrx_word' id='word_1_250' title='bbox 498 3429 681 3523; x_wconf 82' lang='grc' dir='ltr'><strong><em>τιμέοντες</em></strong></span> <span class='ocrx_word' id='word_1_251' title='bbox 687 3485 711 3518; x_wconf 14' lang='grc' dir='ltr'>,ς</span> <span class='ocrx_word' id='word_1_252' title='bbox 733 3429 800 3505; x_wconf 87' lang='grc' dir='ltr'>τὸν</span> <span class='ocrx_word' id='word_1_253' title='bbox 834 3427 874 3503; x_wconf 76' lang='lat' dir='ltr'>dd·</span> <span class='ocrx_word' id='word_1_254' title='bbox 899 3428 1114 3524; x_wconf 70' lang='grc' dir='ltr'><strong><em>Ἄδρηστον.</em></strong></span> <span class='ocrx_word' id='word_1_255' title='bbox 1171 3429 1396 3524; x_wconf 78' lang='grc' dir='ltr'><strong><em>Κλεισθένης</em></strong></span> 
     </span>
     <span class='ocr_line' id='line_1_32' title="bbox 286 3526 1396 3628; baseline -0.001 -23"><span class='ocrx_word' id='word_1_256' title='bbox 286 3528 328 3605; x_wconf 78' lang='lat' dir='ltr'>dd</span> <span class='ocrx_word' id='word_1_257' title='bbox 350 3529 486 3628; x_wconf 81' lang='grc' dir='ltr'><strong><em>χοροὺς</em></strong></span> <span class='ocrx_word' id='word_1_258' title='bbox 517 3527 587 3626; x_wconf 80' lang='grc' dir='ltr'>μὲν</span> <span class='ocrx_word' id='word_1_259' title='bbox 618 3538 671 3627; x_wconf 76' lang='grc' dir='ltr'>τῷ</span> <span class='ocrx_word' id='word_1_260' title='bbox 698 3526 870 3626; x_wconf 79' lang='grc' dir='ltr'><strong><em>Διονύσῳ</em></strong></span> <span class='ocrx_word' id='word_1_261' title='bbox 896 3530 1081 3621; x_wconf 72' lang='grc' dir='ltr'><strong><em>ἀπέδωκε,</em></strong></span> <span class='ocrx_word' id='word_1_262' title='bbox 1113 3528 1183 3627; x_wconf 81' lang='grc' dir='ltr'>τὴν</span> <span class='ocrx_word' id='word_1_263' title='bbox 1214 3529 1256 3606; x_wconf 80' lang='lat' dir='ltr'>dd</span> <span class='ocrx_word' id='word_1_264' title='bbox 1283 3533 1396 3626; x_wconf 73' lang='grc' dir='ltr'><strong><em>ἄλλην</em></strong></span> 
     </span>
     <span class='ocr_line' id='line_1_33' title="bbox 204 3627 1396 3730; baseline -0.005 -20"><span class='ocrx_word' id='word_1_265' title='bbox 204 3627 215 3644; x_wconf 75' lang='grc'><em>’</em></span> <span class='ocrx_word' id='word_1_266' title='bbox 285 3631 428 3727; x_wconf 78' lang='grc' dir='ltr'><strong><em>θυσίην</em></strong></span> <span class='ocrx_word' id='word_1_267' title='bbox 451 3639 506 3729; x_wconf 82' lang='grc' dir='ltr'>τῷ</span> <span class='ocrx_word' id='word_1_268' title='bbox 522 3629 765 3730; x_wconf 81' lang='grc' dir='ltr'><strong><em>Μελανίππῳ.</em></strong></span> <span class='ocrx_word' id='word_1_269' title='bbox 817 3633 905 3706; x_wconf 87' lang='lat' dir='ltr'>Tam</span> <span class='ocrx_word' id='word_1_270' title='bbox 931 3645 1042 3730; x_wconf 91' lang='lat' dir='ltr'>aperte</span> <span class='ocrx_word' id='word_1_271' title='bbox 1070 3659 1151 3730; x_wconf 87' lang='lat' dir='ltr'>quos</span> <span class='ocrx_word' id='word_1_272' title='bbox 1175 3634 1230 3706; x_wconf 92' lang='lat' dir='ltr'>bic</span> <span class='ocrx_word' id='word_1_273' title='bbox 1250 3635 1396 3730; x_wconf 81' lang='lat' dir='ltr'>tragicos</span> 
     </span>
     <span class='ocr_line' id='line_1_34' title="bbox 287 3735 1397 3832; baseline -0.004 -24"><span class='ocrx_word' id='word_1_274' title='bbox 287 3736 407 3808; x_wconf 87' lang='lat' dir='ltr'>choros</span> <span class='ocrx_word' id='word_1_275' title='bbox 433 3737 563 3807; x_wconf 86' lang='lat' dir='ltr'>vocavit</span> <span class='ocrx_word' id='word_1_276' title='bbox 589 3735 782 3830; x_wconf 90' lang='lat' dir='ltr'>ditbyrambi</span> <span class='ocrx_word' id='word_1_277' title='bbox 806 3737 950 3826; x_wconf 89' lang='lat' dir='ltr'>luerunt,</span> <span class='ocrx_word' id='word_1_278' title='bbox 976 3744 1014 3808; x_wconf 89' lang='lat' dir='ltr'>ut</span> <span class='ocrx_word' id='word_1_279' title='bbox 1032 3735 1200 3812; x_wconf 86' lang='lat' dir='ltr'>dumtaxat</span> <span class='ocrx_word' id='word_1_280' title='bbox 1219 3745 1397 3832; x_wconf 89' lang='lat' dir='ltr'>propterea</span> 
     </span>
     <span class='ocr_line' id='line_1_35' title="bbox 287 3837 1398 3934; baseline 0.002 -28"><span class='ocrx_word' id='word_1_281' title='bbox 287 3860 345 3908; x_wconf 87' lang='lat' dir='ltr'>cos</span> <span class='ocrx_word' id='word_1_282' title='bbox 371 3862 435 3924; x_wconf 84' lang='lat' dir='ltr'>nou</span> <span class='ocrx_word' id='word_1_283' title='bbox 463 3837 682 3931; x_wconf 84' lang='lat' dir='ltr'>dithyrambos</span> <span class='ocrx_word' id='word_1_284' title='bbox 709 3837 893 3933; x_wconf 80' lang='lat' dir='ltr'>appellasse</span> <span class='ocrx_word' id='word_1_285' title='bbox 920 3837 1081 3927; x_wconf 84' lang='lat' dir='ltr'>videatur,</span> <span class='ocrx_word' id='word_1_286' title='bbox 1116 3838 1282 3934; x_wconf 74' lang='lat' dir='ltr'>quianon</span> <span class='ocrx_word' id='word_1_287' title='bbox 1308 3837 1398 3908; x_wconf 90' lang='lat' dir='ltr'>Bac-</span> 
     </span>
     <span class='ocr_line' id='line_1_36' title="bbox 289 3938 1397 4030; baseline -0.003 -19"><span class='ocrx_word' id='word_1_288' title='bbox 289 3938 372 4030; x_wconf 90' lang='lat' dir='ltr'>cho,</span> <span class='ocrx_word' id='word_1_289' title='bbox 405 3938 463 4011; x_wconf 87' lang='lat' dir='ltr'>sed</span> <span class='ocrx_word' id='word_1_290' title='bbox 488 3938 633 4009; x_wconf 81' lang='lat' dir='ltr'>Adrasto</span> <span class='ocrx_word' id='word_1_291' title='bbox 660 3939 869 4010; x_wconf 83' lang='lat' dir='ltr'>canebantur.</span> <span class='ocrx_word' id='word_1_292' title='bbox 922 3938 1127 4024; x_wconf 85' lang='lat' dir='ltr'>Tlremistius</span> <span class='ocrx_word' id='word_1_293' title='bbox 1153 3947 1261 4010; x_wconf 89' lang='lat' dir='ltr'>autem</span> <span class='ocrx_word' id='word_1_294' title='bbox 1286 3938 1397 4028; x_wconf 78' lang='lat' dir='ltr'>xlx,</span> 
     </span>
    </p>
   </div>
   <div class='ocr_carea' id='block_1_9' title="bbox 165 4037 1397 4444">
    <p class='ocr_par' dir='ltr' id='par_1_10' title="bbox 165 4037 1397 4444">
     <span class='ocr_line' id='line_1_37' title="bbox 263 4037 1395 4139; baseline -0.003 -26"><span class='ocrx_word' id='word_1_295' title='bbox 263 4043 323 4136; x_wconf 75' lang='lat' dir='ltr'>Sp.</span> <span class='ocrx_word' id='word_1_296' title='bbox 349 4043 437 4114; x_wconf 80' lang='lat'><strong>487.</strong></span> <span class='ocrx_word' id='word_1_297' title='bbox 465 4039 551 4134; x_wconf 83' lang='lat' dir='ltr'>(sive</span> <span class='ocrx_word' id='word_1_298' title='bbox 574 4037 739 4110; x_wconf 88' lang='lat' dir='ltr'>XXVII.</span> <span class='ocrx_word' id='word_1_299' title='bbox 765 4063 800 4133; x_wconf 84' lang='lat' dir='ltr'>p.</span> <span class='ocrx_word' id='word_1_300' title='bbox 816 4041 903 4110; x_wconf 83' lang='lat'><strong>337.</strong></span> <span class='ocrx_word' id='word_1_301' title='bbox 931 4040 983 4110; x_wconf 93' lang='lat' dir='ltr'>ed.</span> <span class='ocrx_word' id='word_1_302' title='bbox 1000 4039 1121 4139; x_wconf 87' lang='lat' dir='ltr'>Diod.)</span> <span class='ocrx_word' id='word_1_303' title='bbox 1149 4040 1236 4136; x_wconf 90' lang='lat' dir='ltr'>quod</span> <span class='ocrx_word' id='word_1_304' title='bbox 1262 4041 1395 4113; x_wconf 71' lang='lat' dir='ltr'>scribite</span> 
     </span>
     <span class='ocr_line' id='line_1_38' title="bbox 165 4135 1397 4242; baseline -0.002 -29"><span class='ocrx_word' id='word_1_305' title='bbox 165 4229 168 4236; x_wconf 25' lang='grc'>1</span> <span class='ocrx_word' id='word_1_306' title='bbox 286 4137 350 4214; x_wconf 79' lang='grc' dir='ltr'>καὶ</span> <span class='ocrx_word' id='word_1_307' title='bbox 380 4136 590 4240; x_wconf 75' lang='grc' dir='ltr'><strong><em>τραγῳδίας</em></strong></span> <span class='ocrx_word' id='word_1_308' title='bbox 621 4135 775 4235; x_wconf 27' lang='grc' dir='ltr'><strong><em>εὑρεταὶ,</em></strong></span> <span class='ocrx_word' id='word_1_309' title='bbox 797 4135 867 4232; x_wconf 79' lang='grc' dir='ltr'>μὲν</span> <span class='ocrx_word' id='word_1_310' title='bbox 892 4135 1115 4228; x_wconf 78' lang='grc' dir='ltr'><strong><em>Σικυώνιοι,</em></strong></span> <span class='ocrx_word' id='word_1_311' title='bbox 1151 4135 1397 4242; x_wconf 81' lang='grc' dir='ltr'><strong><em>τελεσιουργοῖ</em></strong></span> 
     </span>
     <span class='ocr_line' id='line_1_39' title="bbox 186 4237 1394 4337; baseline -0.004 -21"><span class='ocrx_word' id='word_1_312' title='bbox 186 4312 189 4316; x_wconf 89' lang='grc'><strong><em>,</em></strong></span> <span class='ocrx_word' id='word_1_313' title='bbox 287 4239 329 4315; x_wconf 74' lang='grc' dir='ltr'>δὲ</span> <span class='ocrx_word' id='word_1_314' title='bbox 347 4239 505 4315; x_wconf 80' lang='grc' dir='ltr'><strong><em>Ἀττικοὶ</em></strong></span> <span class='ocrx_word' id='word_1_315' title='bbox 535 4237 702 4332; x_wconf 82' lang='grc' dir='ltr'><strong><em>ποιηταί,</em></strong></span> <span class='ocrx_word' id='word_1_316' title='bbox 735 4239 812 4334; x_wconf 85' lang='lat' dir='ltr'>quid</span> <span class='ocrx_word' id='word_1_317' title='bbox 845 4241 963 4335; x_wconf 88' lang='lat' dir='ltr'>probat</span> <span class='ocrx_word' id='word_1_318' title='bbox 989 4242 1098 4332; x_wconf 89' lang='lat' dir='ltr'>aliud,</span> <span class='ocrx_word' id='word_1_319' title='bbox 1133 4267 1228 4337; x_wconf 90' lang='lat' dir='ltr'>quam</span> <span class='ocrx_word' id='word_1_320' title='bbox 1255 4269 1328 4318; x_wconf 89' lang='lat' dir='ltr'>eum</span> <span class='ocrx_word' id='word_1_321' title='bbox 1352 4241 1394 4312; x_wconf 90' lang='lat' dir='ltr'>de</span> 
     </span>
     <span class='ocr_line' id='line_1_40' title="bbox 289 4339 1396 4444; baseline -0.001 -28"><span class='ocrx_word' id='word_1_322' title='bbox 289 4342 467 4416; x_wconf 83' lang='lat' dir='ltr'>dramatico</span> <span class='ocrx_word' id='word_1_323' title='bbox 492 4339 664 4444; x_wconf 76' lang='lat' dir='ltr'>tragoedia</span> <span class='ocrx_word' id='word_1_324' title='bbox 687 4341 799 4439; x_wconf 85' lang='lat' dir='ltr'>loqui,</span> <span class='ocrx_word' id='word_1_325' title='bbox 825 4341 986 4439; x_wconf 86' lang='lat' dir='ltr'>siquidem</span> <span class='ocrx_word' id='word_1_326' title='bbox 1010 4339 1179 4440; x_wconf 86' lang='lat' dir='ltr'>Epigenes</span> <span class='ocrx_word' id='word_1_327' title='bbox 1205 4343 1396 4443; x_wconf 76' lang='lat' dir='ltr'>Sicyonius,</span> 
     </span>
    </p>
   </div>
   <div class='ocr_carea' id='block_1_10' title="bbox 0 0 1557 5044">
    <p class='ocr_par' dir='ltr' id='par_1_11' title="bbox 0 0 1557 5044">
     <span class='ocr_line' id='line_1_41' title="bbox 0 0 1557 5044; baseline 0 0"><span class='ocrx_word' id='word_1_328' title='bbox 0 0 1557 5044; x_wconf 95' lang='lat' dir='ltr'> </span> 
     </span>
    </p>
   </div>
  </div>
 </body>
</html>
