3076 5046
205 427 209 434 Δ
278 353 363 424 ιιι
495 357 549 418 ιιι
567 355 752 418 ιιιοιιιιι
773 349 961 416 rancura
982 321 1191 468 nnnasnrs.'
1265 389 1268 406 .
1321 359 1326 368 ·

269 533 328 598 est
353 522 539 622 Oedipum,
565 529 603 596 ut
628 522 771 621 cognitis
796 521 987 620 parentibus
1013 521 1076 594 sibi
1101 462 1217 592 oculus
1243 525 1388 610 eruerat,

135 699 139 708 ,
275 637 309 700 et
335 627 387 697 rel
413 624 510 698 domo
537 624 665 697 ahditns
687 633 902 721 conspectum
924 623 1163 696 1ιοιιι1ιιιιιισ
1104 623 1247 718 ingeret,
1273 620 1327 693 rel
1350 645 1391 694 se

273 728 382 826 patria
406 727 660 820 exterminaret,
693 735 805 843 potest
837 726 867 796 is
900 725 1005 798 iustus
1032 725 1107 797 finis
1138 724 1387 796 heberitarum
1431 785 1439 794 .

272 831 335 900 illa
358 829 494 924 trilogia
519 779 840 925 comprehensarum.
891 825 968 900 Nou
994 851 1057 923 ne„
1039 825 1183 898 caverim
1208 834 1329 916 tannen,
1357 824 1387 895 si

273 928 406 1028 Sphinx
431 929 592 1019 dematur,
620 951 716 1026 quarn
742 927 945 1024 tragoediam
970 927 1073 1000 luisse
1100 927 1185 998 haud
1211 927 1293 1000 satis
1311 925 1388 998 ecr-

246 1036 340 1106 8tom
362 1038 461 1150 puto,
486 1032 635 1128 potuisse
660 1031 776 1102 ultima
800 1030 955 1148 trilogiae
974 1029 1146 1126 tragoedia
1163 1028 1285 1101 ohitnm
1304 1051 1388 1100 cuu-

273 1133 372 1206 tiueri
399 1130 536 1228 Oedipi,
564 1132 718 1204 similiter
740 1133 812 1202 nt
802 1155 836 1202 ιι
862 1128 949 1204 Oed
939 1155 995 1227 rpo
1014 1129 1164 1204 Goloueo
1190 1128 1387 1248 Sophoclis.

270 1235 322 1307 Ao
347 1234 533 1332 suspicetur
558 1234 631 1330 quis
655 1233 795 1305 forsitan
820 1240 979 1306 tractasse
993 1232 1193 1328 Aeschylum
1211 1231 1309 1304 etiam
1331 1253 1385 1322 ea,

267 1361 359 1433 qnae
372 1333 503 1432 Oedipo
530 1336 632 1409 multo
658 1342 736 1430 post
761 1357 856 1430 quarn
882 1358 918 1406 se
945 1335 1114 1406 oculorum
1140 1357 1201 1405 osu
1221 1333 1386 1430 privasset

271 1436 518 1527 acciderint,
491 1461 534 1527 sn,
561 1444 597 1508 ut
623 1435 815 1532 quibusdam
841 1460 913 1507 cnm
940 1436 1120 1510 scholiasta
1134 1433 1316 1531 Sophoclis
1342 1432 1385 1506 ad

270 1536 359 1610 Oed.
394 1536 469 1611 Col.
500 1538 610 1612 1375.
642 1539 773 1634 placet,
815 1561 897 1634 quae
930 1537 966 1610 iu
999 1535 1137 1635 Septem
1170 1537 1213 1608 ad
1246 1535 1385 1608 Thebas

270 1666 303 1712 ι.
328 1638 465 1714 792.’
444 1637 533 1736 operi
558 1636 716 1712 ἐπίκοιοι
742 1645 885 1736 τροφᾶς
910 1638 1016 1712 ι11οιιο
1042 1646 1131 1731 sunt,
1162 1636 1203 1710 ad
1230 1661 1270 1710 ea
1295 1637 1385 1710 refe·

269 1750 405 1833 ιιιιιιιι,
442 1765 525 1838 quae
552 1765 641 1813 ene
621 1741 747 1836 cyclica
771 1739 947 1812 Thebaide
979 1741 1099 1839 partim
1125 1739 1210 1838 apud
1237 1739 1385 1813 scholia-

269 1844 498 1933 stannatum,
534 1767 658 1940 purtinl
680 1841 766 1938 apud
791 1842 996 1914 Athenaeum
1031 1852 1187 1938 excerpta
1213 1837 1383 1913 habemus.
1407 1932 1412 1942 ἱ

268 1943 323 2016 Ει
353 1944 537 2045 fragmenta
570 1944 666 2040 attigi
699 1944 820 2014 olim
808 1968 844 2014 nn
878 1943 1090 2016 adnotatione
1122 1943 1163 2016 ad
1189 1940 1278 2015 Oed.
1305 1941 1383 2015 Col.

238 2039 382 2120 1377.
433 2044 559 2118 Postea
590 2052 774 2128 tractarunt
807 2045 863 2141 qui
897 2044 937 2116 de
964 2043 1138 2117 Thebaide
1165 2045 1382 2141 seripserunt,
1432 2050 1436 2078 ¹

203 2147 234 2240 's
267 2146 545 2244 reprehendentes
572 2147 670 2218 etiam
703 2170 785 2242 qnae
819 2170 885 2218 uon
912 2145 1085 2218 debebant.
1136 2144 1264 2219 Eorum
1289 2147 1383 2243 drag-

267 2256 450 2321 mentorum
482 2248 641 2346 primum,
679 2246 808 2343 qnod
798 2271 862 2318 ram
895 2243 1018 2320 rectius
1052 2248 1255 2320 emendatum
1282 2248 1380 2338 daho,

139 2353 144 2368 '
268 2350 411 2422 servarit
435 2349 626 2424 Athenaeus
652 2348 723 2420 XI.
758 2374 793 2447 p.
819 2349 907 2424 465.
935 2347 979 2422 F.
1013 2349 1063 2421 siu
1088 2350 1255 2424 scribens:
1292 2345 1383 2424 ὅδὲ

150 2475 153 2480 ·
270 2448 448 2533 Οἰδίπους
473 2449 569 2525 δι”
552 2446 752 2542 οκπώμαια
777 2455 854 2532 τοῖς
877 2449 972 2532 uiuae
995 2446 1249 2548 κατηράσατο,
1284 2448 1381 2578 “³³³³
1516 2491 1518 2503 ν

68 2551 70 2560 ’
265 2550 335 2648 τὴν
367 2551 541 2680 κυκλικὴν
576 2551 748 2649 Θηβαΐδα
781 2548 984 2646 πεποιηκώς
1016 2575 1150 2649 φησιν,
1187 2551 1243 2625 ὅτι
1276 2551 1380 2652 αὐτῷ

202 2653 207 2672 ’
265 2653 530 2752 παρέθηκακ”
510 2681 662 2750 ικπαιαα
689 2653 708 2728 ὃ
735 2649 985 2755 ἀπηγορεύκει,
1013 2653 1192 2755 λέγων
1155 2651 1289 2737 ούιιος·

355 2803 487 2902 αὐτὰρ
514 2805 534 2878 h
526 2803 774 2933 dtoyarlpe“
750 2832 849 2901 ηραις
873 2803 1013 2888 ξανθὸς
1038 2765 1267 2902 Πολυνιίκης

362 2912 496 3003 πρῶτα
519 2903 590 3004 μὲν
609 2901 790 3001 Οἰδιπόδῃ
816 2903 934 3002 καλὴν
955 2905 1142 3035 παρέθηκε
1155 2903 1354 3034 τραπεζακ,

367 3007 565 3135 ἀργυρέην,
591 3005 762 3102 Κάδμοιο
787 3003 1014 3104 θεόφρονος·
1050 3006 1170 3105 αοιὰρ
1197 3010 1320 3082 ἔπειτα

359 3106 534 3236 χρύσεοι
550 3110 731 3204 ἔμπλησεν
755 3106 869 3182 καλὸν
895 3106 1008 3191 δέπας
1030 3107 1192 3204 ηδέος’
1162 3114 1281 3186 οίκοιι
1341 3129 1343 3134 ’

366 3208 488 3304 αὐιαρ
515 3207 570 3310 dy'
601 3239 651 3292 ως
676 3203 833 3307 φρασθη
865 3237 1116 3338 nopoaaopeasoc
1141 3209 1279 3309 πατρὸς
1304 3213 1379 3285 ἑοῖο

366 3309 543 3408 τιμηικια
567 3310 669 3438 γέρα,
695 3310 791 3413 μέγα
817 3311 852 3384 οἱ
876 3309 993 3386 κακὸν
1018 3313 1148 3407 ἐαπισι
1173 3315 1301 3410 θιμῳ.

300 3497 303 3502 .
367 3411 464 3508 αἶψα
490 3411 531 3486 δὲ
557 3411 684 3487 παισὶν
710 3414 801 3487 ἑοῖσι
825 3413 905 3508 μετ’
927 3413 1196 3542 d'opugooua'pocoua³
1215 3411 1354 3541 ἐπαρὰς
1396 3482 1398 3495 ,

367 3513 591 3640 appoidue'
572 3522 707 3610 ηρᾶιο·
740 3513 897 3590 θεὸκδ
929 3543 974 3590 ov
999 3512 1161 3590 λάνθαν’
1171 3512 1350 3613 Ἐρινύν

367 3614 419 3741 aie
444 3615 489 3690 οὔ
516 3615 551 3688 οἱ
575 3611 731 3712 πατρώι’
762 3621 798 3712 ἰῇ
825 3612 999 3745 φιλότητι
1017 3599 1209 3706 δαίσαιντο,

366 3715 609 3814 ἀμφοτεροισι
634 3715 722 3792 δΗ
701 3717 759 3792 αεὶ
783 3717 926 3792 ιειιθοι
951 3713 1102 3814 πόλεμοί
1126 3747 1166 3793 τε
1190 3714 1308 3825 μάχαι
1325 3746 1375 3792 τε.

267 3864 344 3939 Νοι
370 3891 653 3952 commemorarem
679 3869 748 3968 legi
773 3871 861 3964 apud
872 3871 1077 3944 Athenaeum
1102 3869 1286 3958 Οἰδίποδι,
1311 3870 1376 3942 nisi
1441 3953 1444 3960 .

268 3969 303 4040 id
323 3967 454 4040 delendi
444 3968 623 4094 riderem,
648 3970 825 4097 etquidem
838 3971 1018 4047 Homerico
1035 3973 1095 4045 illo
1110 3971 1210 4045 Iliad.
1225 3969 1376 4046 ΧΧΙΠ.

260 4073 357 4144 244.
390 4065 488 4170 ἐγών
503 4069 635 4144 ’Ἀϊδι
624 4065 840 4166 κεύθωμαι,
876 4075 1052 4172 quaerique
1078 4098 1138 4146 cur
1159 4099 1241 4170 ergo
1269 4082 1376 4148 muta-

269 4180 339 4245 tum
363 4171 475 4243 luerit.
526 4167 714 4245 Dicamne?
745 4171 872 4267 Primo,
899 4200 981 4272 quae
1008 4175 1077 4247 vel
1086 4175 1157 4246 sola
1182 4197 1242 4272 per
1268 4201 1304 4248 se
1323 4181 1376 4248 sat

271 4274 381 4370 gravis
406 4297 524 4348 caussa
549 4282 618 4365 est,
646 4274 722 4369 quia
746 4274 846 4371 periti
869 4285 988 4374 poetae
1013 4284 1065 4347 est
1089 4274 1131 4346 dc
1156 4276 1280 4349 duabus
1304 4277 1377 4349 sor-

213 4419 221 4426 -
271 4397 419 4450 rurscam
431 4376 594 4473 prolerre,
616 4397 703 4470 qnae
719 4376 995 4459 accommodatior
1009 4378 1152 4450 ιιιιιιιι
1168 4390 1232 4452 est.
1264 4379 1376 4471 Quare
