3070 5048
156 420 163 436 ·
291 409 389 493 ¹aee
533 489 540 522 ἢ,
638 403 688 473 nn
709 408 898 472 monnmn
919 361 1123 471 nondun

324 582 419 676 Quae
444 578 485 654 do
509 567 562 652 nis'
587 579 737 678 nymphia
763 577 845 652 dicit
857 565 1143 674 Homenue‚·quaa
1165 573 1350 666 claritatem
1366 565 1438 646 dlel

324 692 360 757 et
383 681 581 756 noctiluoam
605 701 680 754 esee
704 689 854 778 apertum
879 689 944 774 est,
969 681 1012 752 iio
1037 677 1223 752 simillimae
1248 684 1326 749 eunt
1339 671 1439 748 Lea*

325 783 496 882 elpplden,
531 782 572 855 de
596 777 715 880 quibus
739 777 923 856 Pausanias
948 779 1021 853 ΠΙ.
1048 781 1117 870 16,
1152 783 1187 854 1.
1214 773 1372 874 πλησίον
1396 775 1439 852 dd

321 883 492 982 Ἱλαείρας
524 877 588 958 καὶ
620 879 765 980 Φοίβης
796 881 897 960 ἐστὶν
928 878 1047 980 ἱερόν·
1083 877 1104 955 ὃ
1136 878 1178 955 δὲ
1209 875 1367 976 ποιήσας
1390 877 1438 952 τὰ

324 987 393 1160 ipo
423 983 471 1060 τὰ
496 980 645 1085 Κύπρια
675 984 888 1087 θυγατέρας
920 981 1037 1068 αὐτὰς
1061 977 1292 1064 Ἀπόλλωνός
1322 996 1440 1081 φησιν

325 1111 430 1164 arat.
1042 1160 1044 1172 ,

426 1187 576 1261 Maximo
608 1209 687 1260 uero
720 1188 819 1260 etiam
852 1186 894 1258 ad
929 1187 1033 1259 solon
1066 1191 1101 1258 et
1126 1201 1285 1257 annorum
1311 1177 1440 1257 olcecnid

326 1289 459 1388 ptionos
484 1287 650 1387 pertinent
675 1287 921 1379 annectendas,
958 1288 999 1360 de
1031 1285 1148 1384 quibus
1173 1287 1261 1358 idem
1286 1283 1440 1358 Idolerne

325 1393 362 1464 in
386 1391 446 1464 illo
473 1415 568 1488 quem
593 1390 664 1462 dixi
689 1390 852 1481 volumine
879 1389 1034 1488 exposuit
1065 1414 1101 1486 p.
1128 1389 1215 1463 294.
1242 1411 1338 1485 seqq.
1388 1387 1440 1460 Ao

326 1492 526 1566 Plutarchus
549 1492 585 1564 in
612 1492 655 1584 Q.
682 1489 807 1567 Graec.
835 1495 896 1568 12.
922 1509 958 1590 p.
984 1489 1072 1566 299.
1098 1489 1142 1562 Β.
1167 1493 1284 1586 τρεῖς,
1319 1490 1438 1586 inquit,

269 1687 272 1696 Ι
328 1594 461 1697 ἄγουσι
484 1590 625 1691 Δελφοὶ
656 1589 918 1691 ἐνναετηρίδας
949 1589 1045 1666 κατὰ
1075 1616 1118 1666 το
1150 1591 1248 1687 ἑξῆς,
1284 1582 1342 1664 ὧν
1374 1587 1440 1686 τὴν

274 1700 278 1710 ‘
327 1692 399 1794 μὲν
424 1690 618 1792 oemulatur
641 1702 815 1784 καλοῦσι,
846 1693 916 1792 τὴν
940 1691 978 1768 d'
1006 1691 1171 1790 ἦραιλιλα,
1196 1691 1266 1788 τὴν
1291 1689 1333 1766 di
1359 1695 1440 1765 Χα-

328 1795 468 1897 ρίλλαν.
527 1795 652 1869 Ea'rum
684 1799 820 1895 primam
854 1796 935 1869 dicit
967 1796 1182 1868 imitationem
1211 1819 1285 1868 esse
1311 1817 1440 1892 pugnae

328 1921 402 1972 cum
434 1896 604 1993 Pythone,
648 1899 784 1971 alterius
819 1893 989 1994 mysticam
1023 1897 1093 1969 lere
1128 1895 1289 1968 rationem
1328 1904 1441 1968 tenere

101 2081 105 2100 Ι
208 2011 212 2021 ’
329 1995 520 2094 Thyiades,
547 1997 610 2071 *sed
637 2023 681 2070 ex
705 2000 822 2072 ritibus
848 1999 994 2096 perspici
1020 1995 1173 2071 Semelae
1199 1997 1443 2070 revocationem

204 2153 207 2160 -
330 2099 590 2196 repraesentari3
624 2101 724 2170 tertia
749 2099 888 2196 denique
914 2101 1028 2170 necem
1043 2098 1172 2197 expiari
1188 2097 1356 2172 Glarillae
1383 2123 1444 2171 cu·

282 2193 470 2291 l2iusdam‚
496 2224 579 2296 quac
605 2200 782 2295 suspendio
808 2201 895 2273 uitae
921 2201 1019 2272 finem
1044 2200 1191 2275 fecisset.
1241 2198 1284 2272 In
1300 2199 1445 2272 Boeotia

292 2330 301 2344 =
331 2322 478 2398 qnoque,
514 2310 552 2373 'ut
576 2297 740 2374 Proculus
767 2301 814 2373 ait
836 2302 872 2374 in
898 2299 1166 2375 Clrestcmatlia
1190 2328 1226 2399 p.
1253 2303 1341 2376 347.
1364 2296 1445 2375 doi—

128 2473 134 2484 x
191 2465 194 2470 .
242 2407 244 2413 ’
331 2427 429 2502 φνας
454 2391 505 2476 δι’
534 2400 793 2530 e'urroremppidoex
813 2403 863 2488 ele
880 2399 927 2477 τὰ
941 2408 1009 2477 τοῦ
1028 2398 1256 2486 Ἀπόλλωνος
1271 2399 1445 2497 κομῖζον-
1522 2445 1523 2484 u

329 2532 389 2586 τες
421 2493 455 2576 oi
486 2499 593 2601 ἷαρεῒς
624 2502 809 2600 ἐξαμνουν
841 2503 957 2580 αὐτὸν
989 2502 1053 2578 διὰ
1083 2511 1201 2603 χοροῦ
1226 2505 1444 2605 παρθένων,

332 2600 428 2704 qood‘
445 2606 564 2678 somnii
589 2607 715 2678 monito
741 2632 814 2679 esee
840 2605 1038 2680 institutum.

188 2760 192 2773 .
431 2695 508 2780 Non
534 2708 772 2805 praetereunda
798 2709 937 2808 denique
964 2717 1016 2781 est
1041 2715 1294 2781 commemorata
1315 2707 1356 2780 ab
1370 2705 1446 2781 Τα-

331 2801 455 2900 lesilla,
481 2808 657 2882 Athenaeo
678 2817 763 2881 teste
788 2807 894 2884 XIV.
920 2835 956 2908 p·
981 2811 1070 2886 619.
1095 2806 1140 2881 Β.
1166 2803 1217 2892 εἰς
1232 2804 1446 2885 Ἀπόλλωνα

334 2905 415 3006 ᾠδὴ
440 2905 627 3006 φιληλιάς,
664 2911 727 2982 etsi
752 2912 835 2982 nihil
861 2911 1000 3009 amplius
1026 2909 1066 2983 de
1093 2936 1132 2983 ea
1158 2919 1361 3008 compertum
1387 2911 1447 2982 ha·
1523 2965 1524 2976 ,

333 3013 459 3083 bemus,
514 3009 621 3084 Valde
647 3012 733 3083 enim
759 3008 890 3086 dubium
916 3013 1065 3105 uidetur,
1107 3014 1193 3109 quod
1218 3019 1354 3110 putant,
1391 3037 1447 3086 re-

230 3125 233 3149 *
334 3111 419 3209 spici
443 3110 554 3183 ludum
580 3136 768 3208 puerorum,
795 3114 866 3185 sole
892 3139 936 3186 ex
961 3113 1099 3186 nubibus
1124 3114 1306 3212 prodeunte
1330 3139 1447 3187 manus

335 3211 611 3312 complodenlium
637 3210 909 3312 clementiamque
933 3213 1039 3310 ἔξεχ’,
1066 3210 1097 3288 ὦ
1124 3214 1201 3312 φίλ’
1230 3213 1315 3311 ἥλιε.

435 3309 530 3385 flacc
555 3313 621 3386 tam
646 3312 748 3387 multa
774 3340 871 3414 quum
889 3317 925 3389 in
938 3317 1095 3418 Apolline
1116 3316 1338 3409 inveniantur,
1366 3338 1447 3416 quae

336 3415 394 3487 uin
419 3413 549 3486 aliunde
577 3440 672 3512 quam
698 3418 737 3488 ab
764 3418 835 3490 sole
862 3419 968 3516 repeti
993 3419 1134 3518 possint,
1154 3414 1279 3491 ¹similis
1297 3428 1359 3492 est
1376 3445 1448 3492 curn

336 3517 416 3588 luna
448 3506 765 3610 affinitas·Dianae,'
802 3544 864 3591 nec
896 3527 1018 3592 temere
1041 3522 1229 3593 'canebatur
1259 3522 1295 3594 in
1329 3513 1447 3614 scoiio,

339 3614 425 3716 quod
450 3620 641 3690 memoravit
665 3620 855 3693 Athenaeus
880 3617 969 3696 XV.
994 3621 1032 3720 ρ.
1056 3623 1144 3698 694.
1169 3617 1218 3694 D.
1273 3609 1275 3613 ’

418 3771 481 3868 ιἐν
505 3764 614 3867 Δήλῳ
640 3766 722 3844 πότ’
751 3773 864 3848 euna
893 3771 1004 3848 τέκνα
1028 3771 1146 3850 Λατώ

441 3866 851 4000 (ᾖοῖβονὶχρυσοδιιόριαν
876 3871 1005 4000 diuueu‘
1028 3869 1228 3953 Ἀπόλλων’

441 3973 672 4070 τλαφηβαλον
697 4003 719 4046 τ
762 4002 968 4074 αγροταραν

436 4071 618 4171 Ἄρτεμιν,
645 4074 670 4147 ἃ
690 4073 893 4176 γυναικῶν
908 4076 989 4178 μέγ’
1020 4074 1091 4174 ἔχει
1115 4071 1259 4178 κράτος.

344 4221 459 4319 Nequo
482 4224 571 4296 enim
604 4226 713 4297 remis
733 4245 822 4322 opuo
849 4235 920 4319 eut,
960 4237 998 4302 ut
1030 4225 1223 4304 ostenditur
1255 4253 1349 4330 quom
1382 4231 1454 4304 vita

346 4309 516 4404 mulierum
546 4325 616 4406 lere
647 4333 719 4400 tota
744 4331 787 4399 erl
811 4329 890 4400 luna
909 4330 956 4401 ‘ot
978 4332 1143 4406 menndans
1168 4334 1327 4434 pendeat:
1363 4333 1453 4405 unde

347 4435 381 4502 ct
405 4427 584 4523 puerperio
614 4425 783 4525 praelecta
800 4437 866 4522 =ent
890 4431 983 4529 virgo
1009 4432 1091 4526 dea,
1124 4443 1179 4528 et,
1213 4436 1302 4510 nient
1325 4433 1453 4533 Apollo
