3070 5048
320 368 387 454 aar
670 373 722 436 nn
742 372 892 452 sesnes
912 372 1093 441 omnent

271 501 273 507 Ι
322 538 522 614 semidoctus
548 538 793 636 grammaticus,
819 541 877 636 qui
901 540 1086 638 eeoepisset
1110 535 1309 636 Gorgonum
1325 535 1440 613 sedern

321 641 358 718 in
382 639 493 737 Libya
517 665 610 733 esse,
636 642 746 716 laeum
760 639 900 738 Libyae
922 641 1116 716 Tithrasunr
1140 640 1257 732 fiuxit,
1283 639 1439 716 nesciens
1528 693 1529 742 3

322 741 515 818 Tithrasias
538 743 574 816 iu
590 743 705 821 Attica
729 745 884 816 mulieres
904 743 1099 842 perstringi.
1148 739 1270 816 Obiter
1286 741 1438 818 audimus

271 879 274 893 ·
321 844 358 919 iu
383 843 607 936 adnotatione,
634 843 810 920 Tritonem
842 871 903 942 pro
930 847 1010 920 urhe
1035 843 1164 939 Libyae
1190 843 1336 920 hahitare
1363 867 1438 916 esse
1528 865 1529 918 ῑ

197 937 204 948 '
321 947 512 1022 auctoribus
538 946 903 1044 seholiaetehpollonii
921 947 963 1022 ed
982 945 1051 1022 IV.
1075 950 1186 1024 1311.
1212 954 1246 1018 et
1262 943 1437 1042 Stephane
1528 999 1529 1050 ;

322 1046 486 1143 Byzantio
511 1047 546 1120 in
561 1042 728 1143 Διζηρός.
778 1047 831 1120 Ne
849 1050 1008 1122 evolvere
1026 1045 1197 1145 Stephani.
1215 1047 1335 1122 librom
1353 1071 1437 1143 aput

320 1157 412 1222 esset
436 1150 569 1240 leetori,
595 1150 759 1246 integrum
785 1151 856 1228 eine
882 1150 923 1224 de
948 1150 1075 1224 Disero
1101 1151 1215 1226 loenue
1235 1147 1296 1222 hio
1317 1149 1436 1246 poeni:

207 1319 210 1334 ,
320 1245 491 1350 Διζηρός,
516 1246 620 1336 πόλις
636 1247 848 1349 Ἰλλυρίδος.
880 1246 1115 1350 Λυκόφρων·

449 1403 485 1476 o‘i
509 1399 601 1502 πρὸς
623 1403 743 1500 βαθεῖ
765 1397 955 1479 adussero
980 1401 1143 1502 Διζηροῢ
1167 1396 1283 1504 πόρῳ.

205 1545 209 1556 “
321 1557 411 1638 ’ίσως
435 1551 509 1632 ἀπὸ
534 1561 603 1629 τοῦ
627 1552 801 1644 δίζεσθαι
825 1552 895 1651 τὴν
920 1551 1096 1652 Μήδειαν
1122 1548 1367 1650 ὀνομασθείς·
1393 1549 1436 1628 τὸ

322 1654 478 1735 ίθνικδν
494 1652 665 1754 Διζήριος
688 1656 752 1732 καὶ
768 1653 978 1753 Διζηρίτης,
1004 1655 1055 1740 ais
1079 1657 1258 1754 ittaque,
1283 1650 1436 1751 'Admod-
1528 1655 1529 1666 ί

322 1786 398 1854 της.
456 1758 524 1834 Ubi
557 1761 614 1832 hie
646 1752 775 1834 Trito?
811 1760 867 1834 uhi
899 1761 978 1832 urhe
1010 1760 1080 1834 ulla
1110 1750 1269 1854 Libyae?
1318 1757 1435 1832 Redeo

269 1945 273 1950 ‚
322 1861 366 1933 ad
393 1859 571 1956 Gorgones
590 1859 793 1935 Tithrneies.
843 1859 915 1936 Eas
939 1862 1004 1934 iam
1030 1859 1187 1958 Euripidi
1210 1867 1308 1938 notae
1333 1859 1436 1933 inisse

323 1962 439 2035 scribit
464 1961 669 2034 Vtilckerns.
721 1961 795 2052 Quo
821 1955 934 2038 teste?
972 1960 1164 2039 Scholiasta
1186 1960 1436 2058 Aristophanis.

324 2061 412 2154 Quid
452 2071 560 2135 antem
594 2056 681 2134 ille?
733 2063 785 2134 Ad
823 2060 1033 2170 Ταρτησσίᾳ
1066 2057 1232 2162 μύραινα
1268 2061 1437 2134 adnotavit
1522 2095 1529 2156 p

321 2163 424 2235 haee:
460 2163 536 2236 ἔστι
562 2151 602 2236 δὲ
628 2159 675 2235 τὰ
701 2163 742 2236 ἓν
762 2166 872 2260 Θησεῖ
894 2163 1117 2258 πεποιημένα
1136 2161 1319 2261 Εὐριπίδῃ
1329 2190 1343 2246 ·,
1365 2164 1438 2236 ἐκεῖ

320 2259 394 2436 pjdp
419 2259 586 2347 τοιοῦτός
608 2265 686 2337 ἐστι
710 2260 954 2358 σπουδάζων,
987 2261 1061 2350 οἶος
1086 2267 1256 2340 ἐνταῦθα
1280 2263 1372 2354 παίζ
1425 2319 1434 2337 .
1528 2285 1529 2288 ’

358 2365 389 2437 1ιί
422 2365 477 2438 hie
510 2365 663 2438 Tithrasi
694 2360 846 2439 mentio?
910 2365 1072 2440 Nimirum
1105 2368 1250 2441 fideliter
1282 2367 1436 2440 credebat

321 2465 527 2561 Vilckerns,
545 2468 631 2565 qnod
644 2468 885 2565 Aristophanes
902 2479 1071 2566 posuerat,
1095 2464 1311 2568 Τιθροίσιαι,
1327 2470 1434 2566 ipsnru

323 2589 451 2668 quoqne
467 2569 661 2668 Euripidem
687 2571 889 2668 scripsisse„
924 2570 972 2643 At
997 2571 1192 2644 scholiastes
1218 2572 1259 2643 de
1282 2579 1354 2645 teto
1374 2572 1433 2642 iilo

321 2673 399 2744 loeo
424 2673 639 2768 loquebatur,
676 2691 771 2770 qoem
797 2697 839 2744 en
865 2671 1028 2770 Euripide
1055 2673 1276 2774 expressisset
1300 2674 1434 2756 Aristo

321 2774 461 2870 phanes.
510 2773 691 2870 Euripides
717 2799 778 2848 nee
803 2797 989 2846 muraenam
1015 2773 1236 2867 Tartessiam,
1262 2799 1326 2850 neo
1343 2773 1433 2848 Gor-

193 2896 200 2909 ‘
322 2899 426 2972 gerres
459 2873 656 2970 Tithrasias,
684 2873 833 2967 dixerat,
878 2875 938 2948 sed
972 2876 1012 2948 de
1046 2873 1282 2976 Gorgonibus,
1320 2875 1431 2966 eredo,

322 2977 502 3073 scripserat
526 2961 709 3076 Γοργδνες
732 2973 981 3072 Λιβυστικαί,
1018 3001 1098 3074 qnae
1132 2988 1168 3052 nt
1191 2978 1432 3075 Aristophanes

321 3078 409 3150 mene
442 3079 609 3152 excitandi
642 3101 760 3150 eenssa
791 3081 825 3152 in
853 3078 1042 3152 Tithraeias
1076 3081 1234 3173 mutarit,
1271 3082 1321 3154 sie
1345 3079 1433 3152 idern

245 3209 249 3228 ¹
305 3175 388 3252 ⁸alio
421 3204 543 3276 genere
575 3179 643 3252 ioei
668 3203 852 3252 muraenam
878 3205 924 3254 ex
950 3181 1071 3254 infesta
1097 3182 1210 3279 vipera
1234 3183 1270 3258 iu
1294 3181 1431 3280 pisaeae,

322 3305 417 3376 quem
450 3279 606 3354 Tartessi
639 3289 770 3377 raptum
805 3283 840 3356 in
874 3281 1002 3355 deliciis
1034 3283 1180 3358 hahitnm
1212 3309 1257 3360 ex
1291 3281 1431 3362 Polliae

320 3380 389 3456 VI.
416 3384 479 3456 de.
511 3383 653 3474 seimus,
691 3385 863 3457 eonvertit.
915 3381 990 3458 Sia*
1008 3384 1135 3460 iaeetns
1160 3395 1260 3482 poete
1283 3411 1351 3460 non
1376 3409 1432 3457 so-

266 3497 272 3506 *
320 3484 389 3558 lnnr
414 3486 591 3582 aequalem
608 3508 703 3560 sunm
717 3483 926 3584 Euripidem,
950 3486 1011 3559 sed
1034 3488 1134 3562 etiarn
1159 3487 1338 3566 hodiernae
1358 3511 1432 3584 *ney-

143 3659 145 3670 ,
320 3585 477 3686 thologos
501 3585 697 3662 ludificavit.

632 3911 1068 3954 ru*
