3084 5050
281 323 343 395 lot
407 272 411 282 ,
469 283 470 290 Ν
591 327 640 388 ιι
663 325 808 388 errrore
829 323 1084 404 unumunurm

253 538 257 544 -
279 515 494 566 memoramus
519 498 657 589 propter
672 492 749 564 illas
770 491 976 588 potissimmn
991 487 1244 587 explicationes,
1271 473 1397 596 quilius

324 617 403 666 uera
415 617 467 668 ao
492 592 615 666 somnae
642 593 785 692 dicendi,
813 594 991 666 virtutesve
1017 591 1214 687 scriptorum
1238 590 1283 660 its
1315 587 1398 664 suut

130 675 142 745 s
156 708 172 741 a
279 694 509 790 geclarandae,
534 701 572 765 ut
595 703 686 766 recte
713 719 752 767 ac
777 695 907 790 penitus
933 693 1169 791 percipiantur.
1219 689 1287 764 Est
1304 692 1397 765 enim

279 797 362 868 haec
386 821 440 868 res
467 794 645 886 eiusmodi,
687 804 725 868 ut
749 819 869 893 magna
902 797 972 869 eius
999 819 1076 891 pars
1103 793 1304 888 argumentis
1330 793 1397 869 de-

279 897 455 992 monstrari
480 906 639 992 nequeat,
677 897 735 970 sed
767 908 824 970 aut
857 887 995 994 digitum
1028 896 1124 992 modo
1149 894 1321 968 intendere
1349 893 1396 966 ad

172 1085 175 1093 ἱ
235 1051 240 1060 .
280 1023 343 1117 ca,
375 999 408 1069 in
436 999 552 1095 quibus
578 999 705 1096 positae
732 1000 911 1074 suntillae
939 999 1088 1088 virtutes,
1115 1020 1279 1094 possimus
1287 1047 1299 1088 ,
1334 1004 1396 1070 aut

278 1101 345 1196 ipsi
371 1100 464 1195 quasi
489 1101 610 1171 imitari
637 1124 692 1174 eas
719 1101 892 1175 debeamus
922 1100 964 1171 ad
990 1099 1188 1195 eandemque
1214 1098 1313 1189 animi
1339 1098 1395 1170 al·-

278 1201 457 1274 leotiouem
480 1201 661 1274 auditorem
677 1203 840 1299 abripere.
884 1199 1012 1273 Verum
1026 1201 1062 1271 id
1081 1226 1145 1274 nou
1162 1201 1285 1296 poterit
1299 1209 1393 1272 recte
1472 1269 1480 1278 .

277 1302 445 1375 ιιιιιι
412 1303 478 1374 msi
504 1303 546 1396 is,
574 1303 630 1400 qui
655 1304 737 1376 hene
760 1304 943 1377 versatus
933 1329 969 1374 m
994 1302 1137 1398 antiquis
1161 1303 1283 1373 litteris
1308 1326 1394 1398 pro·

277 1403 432 1500 beque'‘
408 1429 451 1474 ιιι
477 1405 639 1496 nutritus,
666 1406 714 1478 ita
741 1405 835 1502 quasi
859 1405 932 1500 ipse
958 1403 1065 1476 sactus
1091 1404 1135 1475 sit
1161 1403 1325 1499 antiquus,
1353 1411 1393 1476 ut

253 1497 394 1576 {leodem
421 1530 484 1601 quo
512 1515 639 1578 ιιιιιιι
670 1508 721 1578 illi
746 1531 848 1582 sensu
873 1506 989 1578 ductus
1017 1504 1164 1578 emndem
1189 1506 1286 1578 etiam
1311 1505 1393 1598 red·
1442 1574 1451 1590 ,

270 1606 394 1693 dotet
379 1607 494 1680 taliis
519 1608 672 1706 inspiret.
723 1608 841 1682 Placet
827 1616 902 1680 tex
917 1608 982 1680 loo
999 1632 1121 1704 genere
1138 1606 1261 1702 aliquid
1276 1631 1393 1678 cuem-

277 1707 408 1804 plorum
434 1709 566 1782 afferre.
617 1709 756 1782 Nam
728 1737 759 1783 ιι
784 1711 892 1784 ornnia
917 1711 989 1801 illa,
1016 1732 1099 1808 quae
1117 1708 1200 1798 diri,
1228 1709 1390 1805 exemplis

237 1829 239 1836 ·
278 1809 444 1882 illustrare
471 1812 608 1903 vellem,
639 1813 686 1883 in
718 1837 869 1909 magnum
902 1813 1052 1882 volumen
1078 1818 1283 1880 accresceret
1307 1808 1392 1882 laec

278 1910 479 1982 dissertatio.

377 2025 485 2116 Quum
510 2025 605 2110 ualde
629 2027 718 2098 inter
743 2051 780 2098 se
795 2027 959 2100 differant
983 2025 1129 2120 vulgaris
1165 2049 1272 2097 sermo
1299 2033 1333 2097 et
1358 2028 1390 2100 is

277 2151 341 2221 ‘1¹¹⁰
366 2135 485 2222 Poetae
510 2134 665 2217 utuntur,
692 2153 757 2200 nou
783 2127 979 2223 perdifficile
1006 2138 1057 2199 ιιι
1081 2128 1166 2199 ιιιο
1187 2150 1311 2223 genera
1336 2127 1402 2199 di·-

276 2227 458 2322 stinguere.
508 2227 557 2300 Et
583 2237 690 2300 tannen
715 2230 817 2308 multa
845 2228 989 2300 videmus
1014 2253 1075 2325 pro
1102 2237 1273 2326 poetarum
1290 2228 1389 2302 dietis

276 2329 402 2419 haberi,
429 2353 512 2424 quae
539 2329 739 2402 alienissima
765 2355 785 2404 a
810 2332 905 2428 poesi
931 2341 1025 2420 sunt3
1051 2333 1153 2403 multa
1179 2355 1277 2421 vero,
1304 2356 1388 2426 quae

277 2431 485 2503 vehementer
510 2455 530 2502 a
554 2431 702 2527 pedestri
728 2433 870 2506 dictione
897 2433 1093 2524 abhorrent,
1125 2433 1296 2506 delituisse
1321 2459 1388 2506 non

278 2532 516 2606 animadversa.
567 2533 767 2612 Aristides
758 2560 792 2606 m
818 2561 858 2607 eo
885 2559 1077 2626 sermone,
1091 2535 1147 2631 qui
1173 2544 1230 2608 est
1250 2535 1290 2606 de
1317 2543 1388 2606 arte

276 2633 464 2727 rhetorica,
500 2636 565 2708 rol.
591 2633 643 2707 Π.
669 2662 704 2735 p.
731 2639 793 2712 53.
821 2637 891 2734 (ed.
917 2637 1022 2710 Dind.
1047 2635 1099 2708 Π.
1125 2638 1253 2734 pro)
1290 2660 1387 2733 quum

276 2733 414 2808 Pindari
440 2738 539 2808 verba
558 2739 749 2855 posuisset,
776 2740 833 2856 qui
857 2739 1037 2811 Herculem
1050 2662 1274 2828 laudaverat,
1302 2735 1388 2832 quod

276 2838 328 2906 ius
354 2839 387 2908 vi
408 2839 651 2928 constituisset,
676 2840 725 2909 ita
749 2841 901 2934 scripsit=
937 2837 1039 2912 δοκεῖ
1061 2837 1106 2910 de
1126 2866 1191 2930 μοι
1211 2865 1275 2910 και
1262 2836 1389 2912 Πίν-

277 2934 409 3062 dotpoc,
446 2939 480 3008 ιί
501 2964 537 3008 τι
562 2934 620 3010 δεῖ
643 2936 725 3031 περὶ
749 2945 816 3010 τοῦ
850 2939 1014 3032 ἄσματος
1038 2941 1170 3024 εἰπεῖν,
1203 2936 1272 3010 οὐκ
1297 2943 1389 3060 sicq-

164 3123 167 3130 Ᾰ
276 3033 456 3162 γούμιυος
481 3034 567 3110 οὐδὲ
594 3033 862 3132 συμβουλεύων
888 3035 1031 3131 σπουδῇ
1047 3065 1166 3110 ταυτα
1183 3037 1389 3161 laysiacum

200 3178 203 3188 ·
278 3132 508 3233 ἀνθρώποις,
535 3135 614 3208 ἀλλ’
639 3133 1036 3234 ὡςπιριισχιτλιοιζων.
1075 3137 1388 3266 τεκμαίρομαι

176 3315 178 3324 ,
277 3239 489 3339 ἔργοισιν
519 3235 763 3333 Ἡρακλέος
784 3239 920 3322 αὐτοῖς
945 3236 1107 3328 τούτοις,
1144 3238 1200 3314 ὅτι
1224 3238 1288 3314 καὶ
1313 3240 1389 3314 ἑτι-

176 3415 177 3422 ,
278 3342 382 3435 pardo
403 3337 633 3434 μιμαημιυος
658 3339 740 3437 περὶ
766 3340 893 3416 αυτιιιυ
917 3343 958 3415 ἐν
973 3336 1205 3470 διθυράμβῳ
1226 3339 1313 3431 τινί,
1340 3340 1388 3416 σει

279 3439 362 3514 δ”
314 3438 433 3569 eydr
466 3441 568 3536 παρ’
607 3439 718 3536 ἁμῖν
744 3441 883 3552 φησιν
881 3442 1021 3518 αἰνέω
1046 3441 1130 3538 μὲν
1154 3440 1386 3569 quvdo‘q,

277 3539 330 3616 τὸ
362 3539 409 3634 dd
443 3541 501 3670 μὴ
535 3541 614 3615 Art
644 3542 866 3640 φιλτιρου
891 3552 1063 3646 otyqipss
1087 3573 1289 3638 παμπαυ.
1342 3543 1402 3620 οὐ

278 3640 367 3769 γὰρ
378 3625 484 3770 slede,
511 3642 637 3742 φησιν,
663 3643 931 3776 ἁρπαζομένων
951 3654 1029 3722 τῶι
1046 3647 1166 3722 όυιιου
1190 3649 1397 3743 καθῆσθαι,

280 3744 367 3842 παρ’
398 3744 501 3842 ἑστία
526 3744 589 3818 καὶ
613 3745 728 3821 κακὸν
753 3747 858 3824 εἶναι.
910 3747 951 3821 si
978 3774 1041 3839 me,
1068 3773 1165 3845 quum
1182 3748 1304 3844 Hapnii
1329 3774 1388 3822 ro·

280 3858 360 3944 gata
392 3855 497 3918 metra
522 3846 659 3932 Pindari
693 3849 933 3941 describebam,
974 3851 1059 3946 sugit
1092 3860 1281 3947 corruptum
1314 3876 1387 3924 esse

167 4261 169 4270 ¹
282 4289 364 4332 nexus
386 4275 508 4343 mysteria
528 4249 665 4344 iaotsrent¹
680 4274 722 4331 ιιι
742 4275 842 4334 londos
864 4274 991 4334 laboriose
1011 4276 1104 4353 figuris
1125 4273 1275 4352 quibusdam
1293 4273 1386 4334 descri-

282 4367 340 4434 ptos
362 4363 541 4416 monstrarent.
604 4365 608 4374 “

280 3947 368 4044 παρ’
399 3947 503 4041 ἁμῖν,
530 3950 617 4046 quod
634 3949 791 4023 Disseuio
817 3952 1070 4048 proverbialiter
1095 3953 1216 4024 dictum
1236 3977 1310 4025 esse
1338 3953 1387 4023 ri·-
1465 3979 1468 3983 ·
1532 3929 1533 3972 ³
