3076 5046
212 377 216 392 '
334 343 1332 468 'unnumusmsomrmomnusomnms181⁸
1452 488 1456 496 ,

165 561 196 636 ιι
222 562 278 660 qui
302 562 454 635 comebat
477 563 819 661 praetergrediebatur
839 565 977 637 alterum
993 565 1042 637 ita
1059 573 1096 637 ut
1114 565 1274 662 prehendi

157 665 206 737 ab
232 665 291 736 illo
316 665 479 762 potuerit:
514 692 533 737 o
520 661 600 738 ‘de
617 663 914 760 Καλλίμαχος,
885 693 936 748 ως
949 661 1049 763 ἑαιιια
1066 665 1184 742 αὐτὸν
1201 695 1273 740 mot-

167 761 314 863 ριόντα,
350 762 708 862 ἐπιλαμβάνεται’
663 774 781 842 mooted
806 773 870 863 τῆς
893 770 1004 850 lavor.
1056 768 1146 860 Quid
1170 769 1274 866 igitur

33 944 37 952 ,
119 874 122 880 ’
164 869 217 940 his
242 859 412 939 allicitur?
461 867 646 966 Hopre‘ooo
678 868 744 941 dici
778 891 880 965 posse
910 869 950 942 de
986 891 1046 962 eo,
1087 871 1144 966 qui
1175 893 1274 968 prae-

100 1006 106 1021 ι
164 977 271 1042 tereot
296 969 449 1065 aliquem,
478 979 516 1041 ut
540 977 742 1042 antevertat.
776 969 863 1065 quod
888 970 933 1042 sit
957 977 1114 1066 νικῆσαι.
1165 971 1213 1044 At
1232 995 1274 1046 eo

162 1071 268 1168 magis
295 1070 540 1167 vituperandum
567 1080 619 1143 ast
643 1069 789 1169 παριών
812 1069 915 1167 νίκη,
941 1095 1006 1168 quo
1033 1074 1083 1145 bis
1108 1072 1195 1144 idem
1221 1073 1274 1144 di·

164 1173 263 1263 citur,
289 1171 388 1268 idque
413 1179 504 1244 tanto
531 1174 636 1263 miuus
654 1182 743 1272 apte,
771 1173 847 1270 quia
868 1198 995 1266 cursor,
1022 1175 1056 1246 ni
1071 1181 1271 1271 praetereat,

152 1265 298 1346 lomnino
322 1274 452 1346 vincere
485 1298 549 1346 nou
581 1283 705 1371 potest.
755 1273 874 1371 Itaque
907 1276 987 1348 satis
1020 1284 1054 1348 ot
1086 1276 1204 1348 inseite
1237 1284 1272 1348 et

162 1375 352 1448 insolenter
362 1375 575 1471 scripsisset
564 1401 607 1468 re,
635 1401 697 1474 ιιιιι
679 1376 783 1450 fecit
799 1375 887 1448 istud
903 1377 1116 1472 epigramma.
1168 1375 1273 1468 „Do-

162 1478 293 1570 „ricam
317 1482 425 1548 autem
446 1500 520 1548 esse
542 1477 638 1550 hano
633 1477 803 1574 Argiuam
823 1478 1069 1573 inscriptionem
1084 1478 1160 1552 ideo
1176 1487 1272 1576 pute,

162 1576 330 1704 „guod
313 1576 466 1673 α’ριστον
491 1574 663 1669 tualeam
695 1580 825 1650 omnino
854 1579 1060 1702 probabilius
1093 1589 1144 1654 est
1176 1604 1272 1676 quam
1341 1623 1344 1630 ·

162 1678 346 1776 „dipteron
378 1675 578 1769 ὃπλιτα[ις,
619 1691 654 1750 et
686 1678 773 1774 quod
804 1677 951 1797 Πέλιιις
982 1679 1103 1750 dicitur
1132 1679 1273 1752 Aeolica

162 1805 266 1874 „esse
292 1780 474 1876 scriptura,
510 1803 605 1876 quam
630 1779 809 1854 Derieis
798 1779 976 1852 1mmisceri
1009 1789 1204 1878 exspertes,
1237 1783 1275 1854 ιιι

162 1880 423 1979 „Peloponneso
448 1881 602 1980 unanime,
629 1883 685 1952 uhi
711 1881 832 2006 mixtus
858 1905 931 1954 cum
955 1881 1126 1954 Aeolismo
1149 1881 1273 1956 Doris-

162 2009 274 2078 „mus
326 1975 537 2078 Quapropter
569 1983 666 2055 etiam
692 1979 776 2077 νίκη
800 1984 1001 2080 interpretor
1032 2008 1075 2058 cx
1100 1983 1273 2076 Dorismo,

148 2083 311 2179 ,,,ἐιι’κα,
346 2096 378 2156 et
405 2085 558 2157 convenit
582 2085 683 2156 dictio
708 2081 854 2181 παριὼν
879 2082 971 2181 νίκη.
1024 2083 1131 2158 Vides
1155 2087 1273 2182 igitur,
1329 2159 1333 2180 ¹

162 2187 382 2308 „quidquid
372 2211 405 2257 m
432 2210 504 2258 mea
528 2186 780 2283 reprehenditur
804 2187 1047 2284 explicatione,
1074 2187 1271 2294 reprebendi

163 2291 321 2382 „iniuria
325 2295 350 2334 “
400 2286 477 2359 Non
510 2287 705 2359 crediderim
735 2312 777 2358 ne
809 2297 975 2384 postrema
1001 2283 1128 2385 quidem
1156 2314 1272 2386 repre-

40 2395 43 2400 ’
161 2393 264 2463 hensa
296 2413 369 2460 csse
402 2389 534 2458 iniuria.
596 2387 682 2460 Nam
714 2413 756 2460 ue
789 2413 1055 2480 commemorem,
1096 2391 1183 2506 guad
1216 2391 1271 2463 bic
1320 2471 1324 2486 ι

164 2517 291 2589 quoque
317 2489 418 2561 illud
416 2487 572 2607 Πέλοπι
605 2489 767 2584 ingeritur
798 2497 961 2582 tamquam
987 2499 1078 2560 certo
1104 2487 1271 2562 inventum

161 2595 197 2667 ιιι
221 2593 351 2690 lapide,
392 2591 496 2707 primo
529 2589 645 2659 falsum
680 2599 733 2660 est
757 2589 958 2703 probabilius
992 2586 1148 2660 ὃιιλίταν
1176 2613 1271 2706 quarn

163 2691 326 2772 ὁπλίταις
352 2691 484 2762 coniici.
536 2687 610 2779 Quo
637 2699 827 2783 argumento
853 2689 958 2779 enim,
986 2689 1033 2778 si,
1061 2689 1164 2784 quod
1173 2691 1272 2761 sumit
1369 2723 1374 2726 ·

161 2794 367 2882 Boeckhius',
400 2815 464 2862 non
491 2791 700 2862 cohaerentia
726 2813 798 2861 cum
825 2791 899 2860 alis
928 2791 1033 2862 verbis
1060 2790 1271 2886 conspiciun-

161 2905 218 2970 tur
242 2895 394 2992 ἄριστοι
420 2889 569 2983 dulium,
596 2892 675 2963 sciri
699 2900 823 2988 potest,
849 2892 948 2964 istum
973 2893 1135 2964 bominem
1160 2893 1270 2990 potius
1385 2889 1393 2902 ⁸
1435 2903 1438 2912 ’

163 3000 283 3071 dictum
311 3020 384 3068 esse
409 2992 521 3068 τιν’
497 3016 649 3089 αριστοι
672 2990 837 3081 boucam,
864 3017 959 3089 quam
981 2995 1021 3066 ἐν
1035 2999 1180 3076 πολλοῖς
1196 2992 1270 3094 τὸν

16 3161 21 3182 .
163 3101 315 3196 ἄριστοι
339 3093 526 3180 balteum?
577 3095 719 3188 Deinde,
746 3107 784 3167 ut
809 3096 1023 3168 concedamus
1046 3095 1194 3167 luissein
1216 3098 1269 3168 la·

162 3202 238 3301 pide
271 3197 442 3286 ὃιιλίιαι,
484 3223 549 3270 non
586 3199 734 3294 seqnitur
768 3198 968 3295 epigramma
1007 3198 1108 3270 fuisse
1141 3196 1269 3271 Dorice

163 3305 332 3401 scriptum.
390 3299 475 3372 Nam
508 3301 581 3396 quis
608 3299 713 3371 nescit
746 3299 781 3370 id
806 3324 910 3395 genus
936 3299 1084 3393 Dorismi
1110 3300 1243 3372 etiam
1232 3324 1267 3402 ru

162 3431 227 3478 uon
253 3402 388 3494 Doricis
421 3401 575 3472 usitatum
609 3423 682 3471 esse
717 3400 768 3471 vel
802 3394 970 3471 maxime?
1028 3400 1133 3473 Plane
1160 3385 1268 3474 autern

162 3488 396 3605 repudiandum
428 3509 480 3573 est
504 3500 664 3573 Doricum
698 3500 922 3597 imperfectum
955 3499 1056 3596 νίκη,
1093 3503 1168 3599 quia
1194 3503 1267 3598 cpi

162 3614 386 3704 grammata
365 3603 501 3675 metrica
525 3627 592 3674 uou
616 3603 772 3674 usitatum
796 3601 859 3673 luit
884 3624 923 3672 ca
942 3602 1084 3675 dialecto
1108 3603 1265 3693 seribere,

163 3727 245 3806 quae
271 3708 358 3778 ultra
384 3703 487 3802 epicis
513 3725 686 3782 concessas
713 3702 842 3773 dicendi
857 3701 978 3773 formas
1000 3703 1041 3773 ad
1056 3703 1265 3776 domesticam
1330 3793 1332 3797 ι

160 3813 307 3908 linguam
331 3813 524 3879 reverteret.

263 3908 412 4004 Quod'
386 3933 415 3979 sn
439 3915 529 3978 recte
555 3906 763 3978 contendisse
789 3904 915 3996 videor,
940 3927 1002 3977 nec
1026 3903 1186 4002 Pelopem
1209 3904 1293 3978 ιιι-9

160 4011 355 4087 trudendum
380 4033 452 4081 csse
477 4009 511 4079 ιι
536 4007 621 4079 hanc
643 4007 900 4126 inscriptionem,
926 4031 988 4078 nec
1013 4015 1154 4099 caetera,
1180 4031 1264 4104 quae

160 4115 333 4187 Boeehhio
359 4113 430 4184 visa
455 4114 543 4201 sunt,
569 4133 668 4207 posse
694 4109 838 4182 admitti:
874 4108 1119 4208 iurepostular'i
1138 4116 1261 4206 potest,

161 4225 199 4289 ut
223 4225 291 4290 tres
316 4215 393 4286 illos
420 4237 462 4284 ex
495 4160 611 4307 quibus
636 4218 786 4282 constare
818 4211 904 4283 huuc
935 4213 1064 4284 titulum
1090 4210 1160 4281 dini
1186 4234 1262 4280 ver-

162 4343 218 4390 sus
243 4317 424 4390 restituam.
474 4312 546 4386 Iam
573 4337 669 4408 quum
694 4311 750 4390 ιιιι
776 4310 916 4405 dubitari
940 4315 1066 4410 possit,
1092 4311 1171 4406 ιιιιιιι
1194 4310 1261 4382 ini-

162 4421 241 4492 ιιιιιιι
267 4417 520 4536 epigrammatis,
547 4414 615 4486 sire
640 4397 903 4510 Hippocoon,
877 4439 946 4490 srue
970 4415 1036 4486 alio
1058 4411 1181 4483 iisdem
1202 4409 1262 4483 lit·
