3084 5050
281 333 333 403 an
512 333 763 399 carnem
784 329 1090 398 unanarnmoms
1223 363 1228 368 -
1369 285 1406 308 ”

281 502 408 578 tatione
430 499 634 592 rmaabntur,
660 513 804 592 emmer,
830 497 918 596 quod
942 498 978 574 iu
1002 498 1076 598 ipae
1102 492 1280 574 certamine
1300 492 1392 570 reei-

165 615 170 636 ¹
281 611 385 680 tasset
408 603 585 698 magister,
622 603 814 698 repetiverit
838 611 873 674 et
897 600 1013 676 eodem
1038 623 1102 694 pao
1127 597 1187 672 ille
1212 594 1308 672 modo
1334 619 1393 674 ra·

280 703 444 780 citaverit.
483 702 567 778 Nam
590 704 640 778 sic
661 703 788 778 demum
802 704 860 776 ille
875 727 941 776 uon
954 698 1175 788 ἀποδοῦναι,
1201 697 1260 770 ned
1275 695 1393 774 ἄντα-

279 802 463 882 ποδοῦναι
493 801 683 901 ὑποβολὴν
714 805 781 878 elici
812 805 931 903 potuit.
988 801 1031 878 Id
1058 827 1136 876 vcro
1168 800 1290 874 laetum
1315 823 1392 874 ease

279 931 395 1004 parnnr
424 906 495 978 ueri
520 907 627 984 simile
653 913 717 980 est.

312 1002 317 1013 ’
380 1006 438 1082 Ex
464 1007 515 1080 bis
542 1031 624 1110 quae
651 1007 721 1084 dini
741 1031 902 1106 apparere
923 1005 1079 1096 arbitror,
1106 997 1147 1078 lle
1160 1001 1279 1094 tribas,
1306 1025 1392 1099 qnae

280 1109 499 1186 demonstrari
532 1110 723 1206 oportebat,
766 1109 850 1183 illud
881 1132 981 1182 nuum
1013 1107 1268 1180 demonstratam
1301 1129 1393 1196 ease,

282 1211 359 1308 qnid
385 1212 430 1285 sit
454 1205 639 1306 ὑποβολῆς
668 1219 799 1292 coetera
825 1211 909 1302 duo,
937 1211 1075 1302 alterum
1101 1208 1200 1304 plane
1224 1231 1291 1278 nen
1316 1229 1392 1282 esse

158 1313 164 1318 ’
223 1305 227 1324 '
278 1313 463 1409 probatum,
490 1307 742 1386 ἀνταπόδοσιν
766 1310 952 1408 ὑποβολῆς
977 1320 1011 1384 et
1032 1335 1098 1384 uon
1119 1305 1310 1404 ὑποβολῆν
1323 1306 1393 1383 ἄν·

213 1443 216 1449 ·
279 1409 513 1496 remotiores
538 1413 737 1508 significarit
777 1415 916 1488 alterum
951 1414 999 1486 ita
1030 1411 1222 1508 probatam,
1262 1419 1299 1484 nt
1325 1433 1392 1488 non

281 1516 389 1614 possit
421 1539 487 1593 non
517 1515 733 1612 improbabile
759 1516 883 1607 rideri,
911 1508 1173 1589 ἀνταπόδοσιν
1204 1508 1400 1608 ὑποβολῆς.
1439 1555 1442 1568 ·

281 1641 355 1692 esse
389 1617 553 1714 specimen
587 1615 679 1692 iussn
712 1619 862 1714 magistri
886 1616 1080 1690 exhibitum.
1131 1611 1215 1706 Nam
1242 1623 1394 1709 praeter·-

268 1723 376 1814 ,quam
412 1717 498 1815 quod
532 1718 691 1794 eiusmodi
727 1721 892 1816 speoirnen
927 1743 992 1794 non
1025 1709 1293 1802 ἇνὺαπόδοσις,
1333 1715 1396 1802 sed
1537 1727 1538 1792 l

282 1816 461 1906 ἀπόδοσις
485 1817 672 1916 ὑποβολῆς
698 1819 870 1904 dicendum
895 1828 986 1909 erat,
1014 1817 1093 1914 quid
1118 1825 1169 1893 est
1194 1841 1260 1912 quo
1277 1817 1325 1888 ab
1352 1841 1396 1892 en
1473 1845 1477 1851 ·

281 1921 411 1994 differat
437 1921 580 2015 simplex
604 1917 791 2016 ὑποβολή,
828 1944 922 2018 qnam
948 1929 1096 2016 apertum
1123 1927 1174 1994 est
1199 1918 1289 1992 aliud
1315 1917 1396 2016 quin

280 2013 411 2096 fnisse?
462 2021 568 2111 Quum
595 2022 681 2096 enirn
705 2023 1046 2118 normannorum,
1073 2021 1132 2096 aed
1158 2021 1396 2118 prepulcram

281 2130 446 2196 certamen
472 2129 572 2212 esset,
599 2111 778 2219 ὑποβολῆ,
805 2147 888 2219 qnae
910 2132 962 2196 est
983 2123 1168 2220 propositio
1190 2122 1395 2219 speciminis,

280 2223 316 2299 in
343 2222 528 2297 exhibendo
554 2224 725 2320 imperato¹
741 2226 920 2322 specimine
947 2225 1058 2298 debuit
1083 2225 1196 2320 posita
1219 2249 1314 2316 esee,
1340 2223 1394 2298 id-

283 2349 346 2421 que
378 2324 451 2420 ipse
484 2324 654 2422 professus
687 2335 739 2398 est
763 2325 975 2418 Nitnscbins,
1016 2351 1115 2424 quum
1145 2327 1289 2400 breviter
1306 2325 1393 2406 ,sola

280 2424 466 2522 ὑποβολῆς
495 2427 654 2500 vocabulo
681 2428 879 2524 appellatam
913 2428 1016 2518 dirit'
1068 2427 1157 2504 Erat
1179 2428 1330 2502 nimirum
1356 2451 1398 2502 re
1517 2446 1522 2452 ’

281 2528 356 2624 ipsa
381 2523 560 2610 ἀπόδοσις
581 2527 778 2624 ὑποβολῆς.
816 2585 817 2592 ι
835 2531 939 2627 Atqui
964 2533 999 2602 in
1024 2529 1137 2602 endem
1159 2553 1195 2602 rc
1216 2528 1326 2626 posite
1342 2538 1396 2608 est

282 2631 382 2704 etiam
406 2630 478 2721 illa,
506 2654 602 2726 quarn
623 2630 706 2704 dicit
721 2627 973 2708 ἀνταπόδοσιν
989 2629 1186 2728 ὑποβολῆς.
1224 2629 1321 2704 -Nam
1338 2630 1397 2706 ubi
1466 2673 1472 2686 ι

282 2732 343 2802 illa
370 2755 453 2827 quae
478 2755 578 2826 supera
602 2734 700 2829 posui
724 2731 898 2806 Plutarchi
922 2734 1021 2806 rerba
1047 2733 1180 2824 attolit,
1209 2733 1252 2808 ,de
1277 2733 1320 2804 iis
1346 2732 1398 2808 sin

208 2837 216 2870 λ
283 2832 417 2904 scribit:
443 2829 583 2928 deffert
606 2833 760 2932 ptumum
778 2831 829 2910 σό
851 2833 928 2910 tae
947 2831 1197 2934 problematis
1219 2837 1291 2908 illa
1303 2831 1398 2911 breo-

254 2992 257 2998 .
282 2932 396 3027 βολῆς
407 2927 668 3016 ,όινπαιιόδοσις
693 2947 845 3025 tammum
871 2945 1062 3036 ᾳιιαιιλιινι
1088 2934 1254 3033 ὑπσβολῆ
1278 2963 1305 3010 ιι
1328 2960 1396 3036 pn·

185 3043 189 3056 '
283 3035 420 3106 citicae
430 3029 729 3132 ρνοόόοσιιιΐιιιπς
750 3035 822 3110 aed
833 3034 1111 3110 ἀνταποδοῦναι
1125 3049 1230 3112 recte
1242 3037 1396 3110 diceneo·

194 3139 198 3148 ’
255 3221 258 3235 Α
285 3136 402 3209 ctiam
426 3131 659 3234 «tropatus,
687 3139 757 3238 qui
778 3135 1079 3216 reddtdcrttoot
1101 3135 1325 3214 ccletoarit
1347 3163 1398 3218 αιι

286 3259 388 3338 prone
412 3237 600 3334 magebter
631 3235 854 3318 οπόόόσιιδσ
878 3235 1134 3340 aigmficaeit.
1196 3238 1314 3337 Itaque
1336 3247 1399 3314 ant
1537 3269 1538 3354 p

286 3363 349 3435 ago
374 3362 440 3416 non
466 3339 623 3436 perspexi
643 3350 789 3421 mautarn
801 3339 980 3432 Nitascbii,
1007 3352 1063 3416 ant
1083 3342 1169 3417 idem
1190 3352 1396 3438 sout,1qnac
1537 3365 1538 3426 ᾗ

285 3450 323 3512 nt
355 3440 485 3512 diversa
509 3440 731 3516 distinxerant
756 3443 856 3533 Teii,
893 3441 1058 3540 ὑποβολῆ
1091 3453 1125 3518 et
1150 3439 1398 3526 ἀνταπόδοσις
1537 3455 1538 3520 l

215 3561 217 3572 “
256 3539 481 3638 ὑποβολῆς.
532 3539 575 3616 'Id
602 3568 682 3616 vero
710 3545 862 3641 quoniam
886 3545 1078 3620 incredibile
1097 3555 1159 3634 cst,
1186 3547 1300 3618 licebit
1317 3547 1398 3618 mibi
1537 3535 1538 3602 l

287 3669 361 3717 meo
387 3644 458 3715 iure
484 3652 597 3718 tenere
622 3644 729 3737 illud,
760 3646 849 3744 qnod
879 3646 1044 3744 inprime
1070 3646 1112 3718 de
1135 3648 1301 3744 ὑποβολῆ
1327 3647 1398 3722 dis·
1537 3661 1538 3710 l

288 3744 468 3820 certatione
492 3745 582 3837 (lixi,
619 3770 685 3821 uon
710 3743 962 3824 ἀνταπόδοσιν
986 3745 1190 3844 ὑποβολῆς,
1223 3749 1280 3822 ned
1305 3745 1398 3824 ὑπο·
1537 3787 1538 3804 ι

289 3841 406 3943 βολῆν
431 3841 713 3931 ἀνταποδόσειος
736 3858 886 3922 vocatum
910 3849 1000 3922 istml
1026 3859 1189 3924 certamen
1209 3875 1295 3924 esse.
1344 3851 1399 3924 Ac

289 3957 390 4046 puto,
416 3955 589 4041 postquam
615 3950 692 4044 quid
718 3959 806 4020 esset
831 3947 998 4046 ὑποβολὴ
1023 3951 1119 4026 docte
1145 3953 1274 4050 apernit
1299 3952 1400 4026 Nitn·
1438 4023 1442 4033 ,
1537 3939 1538 4020 l

290 4047 420 4138 sebius,
457 4049 672 4143 probabiliter
704 4075 803 4146 posse
834 4051 979 4124 illorum¹
1002 4056 1161 4128 rationem
1186 4055 1399 4128 certaminum

219 4159 222 4166 '
291 4147 464 4245 explicari.
522 4147 606 4221 Nam
638 4149 802 4248 ὑποβολὴ
834 4151 864 4224 ai
897 4162 949 4226 est
979 4157 1163 4252 propositio
1196 4157 1398 4252 speciminis,

292 4250 369 4350 quid
396 4249 499 4346 cogit,
524 4250 560 4324 id
585 4253 750 4348 specimen
769 4261 812 4334 nt
837 4254 1030 4332 recitatione
1055 4255 1210 4332 carminis
1225 4266 1324 4354 atque
1340 4281 1399 4330 os-

164 4429 168 4442 ,
292 4352 472 4428 tentatione
492 4355 667 4429 memoriae
685 4355 865 4432 exhibitum
883 4349 1089 4431 statuamus?
1128 4355 1233 4436 Immo
1253 4358 1287 4432 iu
1301 4352 1398 4456 μνῆ-
