3084 5050
145 1528 148 1535 .
629 1467 704 1542 DE
902 1531 905 1538 A

114 1615 1224 1838 orriolouuuuuruurrsq.

567 1933 770 1944 ...--..--.—

113 2081 278 2217 Regium
304 2119 523 2198 Seminarium
548 2125 806 2224 philologicum,
840 2127 983 2200 solutum
1007 2073 1113 2199 morte
1140 2123 1222 2200 Ghr'.

112 2215 201 2293 Dan.
227 2223 368 2317 Beokii,
404 2251 501 2323 quum
532 2228 716 2300 instaurare
750 2228 973 2306 decrevissent
1004 2229 1120 2302 summi
1145 2229 1221 2321 viri,

1226 1473 1250 1544 3

115 2345 250 2416 quornm
276 2351 428 2424 supremo
455 2328 591 2414 arbitrio
618 2354 672 2401 res
691 2315 929 2403 Vniuersitatis
948 2339 1081 2421 nostrme
1099 2331 1223 2427 guber·
1340 2353 1344 2365 ·

113 2433 251 2518 uantur,
284 2429 364 2499 mihi
398 2431 468 2501 eius
502 2453 581 2502 cura
614 2429 807 2502 demandato
833 2440 903 2523 est,
939 2432 1096 2528 legesque
1129 2433 1221 2504 initis

112 2546 239 2599 mecum
264 2529 413 2602 consiliis
440 2531 748 2626 conditae,'quihus
764 2539 809 2602 et
833 2532 938 2627 ipsius
963 2532 1127 2602 institutio
1153 2529 1221 2602 Se·
1280 2564 1284 2570 ·

111 2626 243 2700 minerii
276 2638 310 2701 et
343 2652 426 2724 quae
459 2632 491 2703 ei
524 2655 597 2702 cum
632 2631 817 2702 Societatev
837 2629 970 2702 Graeca
1001 2630 1222 2703 intercederet

11 2811 12 2814 Ἴ
110 2729 196 2799 ratio
225 2728 476 2801 describeretur.
528 2729 634 2802 Volui
659 2731 745 2802 enim
768 2730 932 2828 integram
956 2729 1036 2803 mihi
1061 2738 1158 2827 atque
1177 2731 1222 2800 ll-

110 2825 246 2901 libatam
271 2853 403 2903 sarvare
420 2829 622 2905 Societatem
633 2830 816 2923 Graecam,
843 2855 925 2929 quae
942 2830 1118 2930 sicutipse
1136 2855 1221 2927 gau·

112 2926 166 3002 dat
190 2939 244 3004 tot
269 2932 368 3005 claris
393 2934 577 3006 nominihus
603 2957 736 3007 suorum
762 2935 924 3030 quondam
949 2934 1129 3025 sodalium,
1163 2934 1219 3031 qui

73 3099 78 3109 x
111 3050 196 3105 uuuo
236 3035 404 3132 plerisque
439 3035 474 3108 in
509 3036 698 3110 Academiis
733 3035 922 3133 scholisque
961 3037 1087 3134 patriae
1121 3042 1218 3132 atque

112 3133 208 3208 etiam
244 3144 339 3208 extra
371 3137 510 3236 patriam
543 3138 682 3231 docent,
718 3139 765 3210 ita
800 3162 908 3210 earam
933 3138 1004 3210 eius
1030 3138 1218 3210 memoriam

112 3253 183 3320 esse
210 3237 306 3310 video
333 3240 494 3331 omnihus,
521 3241 577 3337 qui
601 3242 661 3312 illa
686 3241 790 3312 amica
814 3241 849 3312 iu
869 3240 1104 3314 ,coniunctione
1130 3241 1218 3313 auti-

113 3335 182 3427 quis
207 3339 329 3412 litteris
363 3339 417 3411 nel
449 3365 535 3414 nuno
568 3365 701 3439 operam
734 3341 812 3412 deut
844 3342 898 3412 vel
932 3341 1010 3412 olim
1044 3340 1216 3434 dederuut,

111 3432 277 3536 fuisseque
310 3465 418 3514 caram
452 3441 521 3513 scio
554 3443 623 3514 illis
650 3465 782 3533 eorum,
820 3467 901 3538 quos
934 3442 968 3514 iu
995 3441 1102 3514 medio
1129 3443 1217 3514 vitae
1338 3476 1340 3484 ‚

112 3557 208 3613 eursu
234 3541 344 3614 fatalis
371 3542 507 3613 abstulit
530 3543 720 3616 necessitas.
772 3541 969 3639 Separatum
990 3543 1093 3638 igitur
1113 3539 1218 3616 aSo-

113 3636 229 3715 oletate
255 3641 387 3716 Graeca
413 3643 476 3714 erit
493 3641 725 3734 Seminarium,
752 3643 844 3715 ouius
869 3645 979 3716 studia
1005 3643 1156 3740 quoniam
1183 3655 1216 3716 et

112 3734 145 3809 lu
161 3740 304 3816 Graecis
330 3753 364 3816 et
388 3745 424 3816 in
441 3743 576 3817 Latinis
600 3743 722 3833 litteris
740 3744 966 3835 versabuntur,
992 3745 1118 3841 placuit
1143 3747 1214 3818 eius

113 3835 190 3916 dues
218 3847 342 3918 classes
369 3848 582 3938 constituere,
610 3868 744 3942 quarum
770 3845 814 3937 ei,
842 3869 924 3944 quac
940 3844 1065 3918 Latina
1090 3855 1215 3920 tracta-

112 3933 170 4034 bit,
195 3971 269 4019 meo
295 3955 413 4044 rogatu
438 3948 624 4046 praelectus
651 3957 702 4021 est
726 3947 910 4020 Reinoldus
935 3947 1106 4039 Klotnius,
1134 3972 1215 4045 pro-

113 4036 218 4120 fessor
242 4050 471 4148 philosophiae
505 4057 600 4122 extm
625 4050 790 4142 ordinem,
827 4049 878 4122 vir
903 4049 1212 4143 excellentissimus,

154 4379 156 4384 ¹
196 4387 221 4470 ι)
256 4389 334 4450 Edita
361 4399 400 4450 est
426 4413 451 4452 a.
470 4387 569 4469 1834.
618 4389 759 4450 Censuram
791 4392 868 4450 huius
895 4391 1084 4449 dissertationis
1112 4393 1215 4463 scripsit

114 4459 258 4534 Boeehhius
278 4482 306 4534 iu
318 4475 461 4535 Annalibus
471 4476 682 4536 Berolinensihus
703 4496 727 4533 a.
747 4473 838 4534 18³5.
850 4495 884 4533 m.
897 4476 1016 4534 Ianuario
1035 4493 1063 4531 u.
1079 4471 1129 4533 ll.
1141 4491 1212 4550 seqq.
1251 4483 1258 4498 “

155 4563 267 4639 Herm.
289 4571 346 4638 Or.
367 4570 435 4641 vlu
707 4645 713 4662 ,
985 4567 1013 4632 G
1081 4669 1086 4677 Ι
1149 4657 1151 4660 ¹
