3076 5046
113 450 120 462 x
263 345 306 385 ε’
353 327 1079 422 nemorumnemorum·
1194 353 1260 424 «m

146 522 279 621 Opust.
305 523 373 596 vol.
398 521 451 596 11.
476 548 512 622 p.
538 525 602 605 64.
653 520 700 596 O.
725 508 894 596 Millerds
926 522 1101 612 antemio
1127 521 1285 604 Orcho-7

147 651 245 699 ncne
268 649 304 722 p.
331 628 394 698 37.
426 633 591 721 tamqnam
623 648 661 698 rc
686 625 818 696 nrinime
851 624 949 706 dubia
974 622 1100 723 Oedipi
1133 624 1262 698 lacinus
1374 661 1382 674 ·

96 781 98 786 .
147 729 189 799 ah
214 726 380 822 Aeschylo
414 725 456 798 ad
480 726 621 798 Potnias
653 735 818 824 patratum
849 735 982 799 namt.
1025 725 1262 800 Verumtamen

146 853 262 900 uersus
287 829 345 900 isti
371 851 488 904 vercor
512 852 554 900 nc
579 851 645 900 non
672 853 715 899 en
742 825 895 924 Oedipo,
929 826 1007 919 sed,
1043 836 1081 900 ut
1106 825 1263 924 Spenhe-

145 931 231 1002 mins
258 929 418 1027 putebat,
456 955 499 1002 ex
533 927 667 1004 Glauco
697 928 872 1002 Potnicnsi
905 929 973 1002 sint
1003 929 1112 1026 petiti·
1172 928 1262 1002 Tum

146 1041 260 1104 netum
294 1032 379 1104 enirn
412 1032 637 1127 communique
670 1031 757 1104 ianm
782 1030 987 1104 decurtatum
1021 1040 1092 1104 erut
1117 1030 1201 1104 illud
1226 1030 1263 1106 ἱι

146 1131 297 1208 Phocide
322 1132 466 1224 trinium,
492 1135 527 1206 in
553 1157 617 1230 quo
636 1141 764 1231 petrem
779 1132 957 1206 occidisset
976 1129 1140 1231 Oedipus,
1165 1156 1263 1204 mon-

80 1261 84 1280 *
146 1243 335 1330 struturque
360 1234 459 1306 hodie
485 1258 626 1332 quoqne,
653 1244 690 1308 ut
714 1243 780 1310 non
807 1233 957 1306 uideatur
971 1233 1157 1330 Aeschylus
1183 1257 1263 1306 cae-

147 1335 222 1410 dem
246 1334 328 1408 Laii
353 1335 387 1408 iu
413 1337 583 1433 regionem
607 1338 706 1434 longe
732 1337 772 1408 eh
798 1337 864 1408 isto
889 1336 966 1410 luco
987 1344 1147 1408 remotum
1161 1346 1260 1432 atque
1346 1375 1351 1396 ι

147 1437 231 1510 adeo
256 1438 354 1535 plone
382 1439 566 1535 oppositum
590 1438 770 1510 transferre
795 1437 965 1532 petuleum
990 1437 1121 1534 ipsique
1147 1460 1261 1510 uersum

132 1540 205 1610 isti
238 1539 350 1636 potius
386 1539 457 1610 eine
489 1537 723 1635 impedimento
757 1546 984 1633 transgressos
1019 1561 1096 1610 esse
1129 1538 1263 1612 trivium

147 1663 221 1732 eos,
249 1660 385 1736 qnorum
412 1639 453 1712 de
478 1640 597 1712 itinere
624 1662 732 1718 sermo
758 1646 822 1728 est,
849 1662 945 1734 quun
963 1661 1036 1710 cnm
1054 1638 1164 1735 aliquo
1191 1640 1266 1712 riu-

145 1750 221 1814 tore
247 1741 462 1814 conflictatos·
480 1740 679 1837 significant.
738 1739 948 1836 Quapropter
974 1763 1071 1837 quum
1096 1763 1137 1812 nc
1163 1739 1267 1812 scho-
1307 1793 1309 1800 ,

145 1843 263 1916 liostes
295 1842 426 1939 quidem
455 1842 500 1914 de
526 1840 659 1938 Oedipo
693 1841 868 1937 quidquam
894 1839 1003 1932 dieat,
1038 1839 1096 1930 sed
1123 1839 1164 1912 de
1190 1841 1265 1914 sols

146 1949 295 2040 σχιστῆς
321 1941 415 2016 ὁδοῦ
430 1944 661 2041 appellatione
673 1943 840 2038 loquatur,
867 1942 917 2014 sic
938 1942 1050 2038 potins
1067 1943 1264 2014 existiman-

146 2045 221 2140 dnm
248 2055 348 2143 puto,
375 2044 687 2118 conludisee'istum
713 2044 876 2134 hominem
903 2043 1116 2126 similitudine
1142 2044 1265 2116 uerbo*
1411 2117 1413 2124 ,

144 2171 217 2219 rum
243 2146 416 2228 adductum
448 2147 514 2220 duo
547 2146 677 2220 diverso
710 2147 820 2218 tricia.
884 2144 972 2236 Quid
1004 2146 1142 2242 impedit
1174 2145 1261 2218 eninr

146 2273 210 2346 quo
236 2247 342 2322 minus
368 2251 466 2323 etiam
492 2248 534 2318 ad
559 2247 698 2320 Potnias
732 2245 863 2342 aliquod
899 2248 1030 2319 trivium
1056 2248 1159 2320 luisse
1179 2271 1262 2320 cre·

25 2419 28 2433 ,
145 2333 309 2424 demost.
336 2349 449 2420 Immo·
470 2349 667 2420 credendum
691 2347 725 2418 id
753 2349 816 2418 erit
842 2369 882 2416 eo
908 2350 1026 2442 magis,
1054 2349 1141 2444 qnod
1162 2360 1261 2444 poete

145 2451 268 2524 diserte
302 2445 530 2524 Ποινιοίδων
562 2453 677 2543 τριῶν
709 2442 899 2519 κελεύθοιν
935 2445 1128 2540 συμβολὰς
1161 2449 1259 2541 dixit,

144 2553 355 2648 distinguens
387 2551 451 2621 hoc
483 2549 615 2620 trivium
641 2548 682 2616 ah
709 2548 834 2636 altero,
871 2547 957 2639 quod
983 2571 1048 2618 non
1074 2550 1181 2620 rninus
1207 2551 1261 2620 di·

70 2698 75 2700 -
143 2652 334 2726 stincteah
359 2649 523 2745 Euripide
554 2649 588 2720 in
614 2646 808 2718 Phoenissis
843 2667 879 2714 u.
906 2649 969 2719 37.
1002 2645 1260 2720 demonstratum

143 2762 199 2826 est
224 2753 276 2824 his
302 2751 430 2823 uerbisr
462 2746 525 2823 καὶ
551 2744 776 2832 ξυνάπτετον
801 2741 900 2819 πόδα
926 2749 962 2829 ἐς
986 2743 1125 2820 ταύτὸν
1144 2747 1260 2846 ἄμφω

144 2851 322 2936 Φωκίδος
347 2855 498 2948 epicuri&
520 2844 622 2924 ideo.
673 2847 769 2920 Haec
794 2849 824 2920 si
849 2858 939 2921 recte
957 2847 1175 2941 coniecimus,
1195 2851 1261 2922 iter

144 2956 393 3029 describebatur
426 2952 602 3026 aPotniis
636 2951 934 3050 commigrantium
954 2950 993 3022 ad
1007 2949 1136 3022 *Peliae
1162 2949 1259 3024 ludos

143 3057 312 3152 funebres,
338 3058 373 3130 in
399 3057 515 3154 quihus
541 3052 727 3152 discerptus
753 3052 793 3126 ab
821 3055 913 3150 equis
930 3054 998 3125 suis
1022 3062 1073 3124 est
1095 3047 1258 3126 Glaucus.

142 3161 198 3234 Ac
222 3159 335 3254 nescio
361 3183 403 3230 an
429 3158 496 3231 tale
530 3157 607 3255 quid
641 3156 738 3229 etiam
772 3153 838 3253 ipsi
865 3180 978 3228 uersus
1011 3155 1068 3228 isti
1094 3155 1258 3252 flagitent,

144 3260 262 3360 quihus
295 3285 392 3357 quum
419 3258 555 3347 οὕτως,
592 3257 677 3354 quod
713 3257 910 3329 scholiastae
946 3256 1147 3353 adscriptum
1166 3263 1257 3347 erut,

142 3359 343 3437 reddendum
378 3384 451 3432 esse
484 3350 575 3431 recte
608 3357 734 3428 uideret
759 3353 1024 3449 Valckenarius,
1059 3366 1257 3430 tamennon

142 3463 288 3537 advertit
313 3461 454 3534 animum
480 3461 520 3530 ad
546 3465 611 3554 τῆς
636 3455 740 3545 ὁδοῦ,
767 3481 849 3553 quae
876 3458 975 3530 ucrha
1001 3482 1098 3554 quum
1125 3461 1256 3532 omnino

144 3564 378 3639 molestissima
411 3563 477 3634 sint
512 3561 611 3632 toties
651 3558 793 3655 repetita
826 3559 897 3629 uiae
934 3561 1255 3654 commemoratione,

144 3675 213 3740 tum
240 3668 337 3737 etiam
370 3674 507 3762 propter
539 3659 714 3732 articulum
746 3683 766 3729 o
801 3683 951 3730 sermone
977 3661 1109 3756 poetico
1135 3661 1257 3736 abhor-

144 3775 232 3841 rent.
282 3766 395 3860 Ouarc
421 3766 470 3838 sic
495 3763 670 3860 scripsisse
695 3758 896 3857 Aeschylum
922 3759 1136 3836 crediderim:

272 3915 390 4001 οὕτως
413 3919 552 4012 ἐπῇρεν
575 3917 642 4016 γῆς
665 3911 787 4009 ὅρους,
811 3883 1038 4009 τρορρήλατον
1111 3951 1112 3954 ¹
1403 3999 1407 4008 ι

272 4026 419 4117 σχιστῆς
442 4009 623 4092 κελεύθου
645 4013 809 4113 τρίοδον,
832 4014 932 4090 ἔνθα
959 4009 1149 4112 συμβολὰς
1254 4033 1265 4102 j

272 4129 388 4219 τριῶν
412 4107 602 4196 κελεῦθιον
627 4111 857 4193 Ποτνιάὸοιν
880 4113 1094 4214 ἠμείβομεν.

147 4273 218 4350 Sed
245 4271 286 4344 de
314 4273 369 4346 his
395 4274 490 4346 setis.
551 4256 718 4346 Revertor
740 4269 783 4343 'ad
809 4267 990 4368 Oedipum.
1046 4266 1179 4364 Inque
1204 4249 1257 4340 la·
1329 4267 1341 4285 ‘

147 4377 225 4450 bula
248 4375 291 4472 si,
323 4383 361 4446 ut
385 4376 574 4470 opinamur,
605 4394 714 4472 poene
743 4372 844 4469 impie
868 4371 1030 4448 factorum
1055 4377 1256 4482 consequuta

993 4485 1055 4552 N2
