3084 5050
310 351 372 450 iao
559 381 879 442 nusnnurronss
899 380 1135 444 ernnsmcan

165 579 173 596 ⁸
233 521 236 530 i
309 549 514 624 scribendam
538 573 611 623 esse
637 555 770 622 auctore
787 545 957 648 Stephano
971 547 1146 646 Byzantio,
1173 544 1229 644 qui
1254 543 1305 622 sic
1329 545 1432 620 scri-1

309 651 384 725 bata
417 646 686 748 stpvtpcilsoa,
712 649 809 749 ἄκρα
833 677 906 739 τις,
932 649 1086 748 trepidis
1109 644 1283 744 ἐνίκησαν
1307 651 1418 750 Alys-

308 759 418 849 νῆται
434 749 669 848 Ἀθηναίους.
683 751 685 760 ’
718 753 767 824 At
790 753 854 826 hcc
874 753 1095 826 testimonium
1108 776 1171 824 nec
1187 773 1248 847 per
1263 771 1301 822 se
1318 749 1419 846 quid-

165 865 168 870 ’
311 879 407 952 quam
431 855 519 926 valet
544 862 659 928 contra
691 853 903 950 gravissimos
930 863 1101 946 auctores,
1138 860 1172 925 et
1196 851 1307 948 potius
1333 875 1418 924 con-
1477 852 1484 864 ’

310 957 432 1030 sentire
466 981 539 1028 curn
571 956 640 1036 illis
672 956 853 1053 putandum
882 962 952 1049 est,
992 955 1152 1052 siquidem
1184 953 1241 1024 uix
1273 951 1418 1026 dubitari

308 1066 419 1156 potest
444 1059 523 1153 quin
547 1066 639 1130 recte
663 1055 709 1132 L.
728 1057 923 1130 Holstenius
949 1056 1177 1154 corrigendum
1201 1054 1322 1126 viderit
1345 1055 1418 1128 Ab-

333 1153 459 1255 ινήτας
475 1158 680 1256 Ἀθηναῖοι.
739 1157 809 1232 Sed
835 1161 916 1232 satis
941 1159 1101 1232 refutatus
1128 1165 1179 1230 est
1203 1155 1369 1240 Mitllcrus
1394 1179 1417 1228 a

251 1315 254 1323 s
308 1186 485 1357 itrigero,
518 1261 573 1334 cui
598 1262 669 1333 sine
695 1285 811 1340 caussa
837 1262 1024 1357 obloquitur
1047 1259 1237 1334 Disaenius.
1286 1256 1418 1330 Mille-

307 1385 379 1434 rum
405 1370 561 1458 sequutus
586 1371 637 1436 est
654 1361 858 1454 Bneckhius,
885 1364 944 1436 sed
969 1363 1115 1436 scribens
1135 1361 1194 1432 illc
1213 1358 1300 1455 apud
1315 1359 1417 1432 scho-

307 1463 437 1535 liastam
470 1458 544 1566 ly',
583 1465 706 1538 rectius
740 1465 918 1538 constituta
950 1464 1173 1536 numeratione
1202 1459 1417 1556 Pptluiadum.

306 1562 391 1638 lude
417 1565 627 1638 assenserunt
651 1567 749 1661 etiam
775 1567 845 1637 alii.
895 1567 943 1638 At
968 1591 1065 1662 qumn
1091 1565 1144 1636 vel
1168 1586 1229 1659 per
1249 1587 1285 1635 sc
1301 1569 1416 1660 pateat
1539 1625 1540 1644 ,

306 1690 403 1764 quam
428 1667 529 1754 debili
553 1667 761 1740 hmdamento
788 1676 1013 1765 superstructa
1046 1667 1090 1738 sit
1121 1666 1204 1738 haec
1236 1665 1415 1757 sententia,

306 1777 375 1840 tum
408 1769 651 1842 evidentissime
692 1795 735 1842 en
768 1770 841 1866 ipso
874 1768 1091 1844 demonstrari
1122 1765 1232 1863 petest
1266 1764 1413 1838 Pindaro

236 1879 242 1886 '
305 1869 424 1942 falsam
449 1895 536 1942 esse.
585 1870 670 1942 Nam
698 1871 783 1965 quod
801 1870 1005 1960 Bocchbius‚
1032 1892 1096 1964 quo
1121 1869 1213 1940 illam
1227 1867 1415 1964 opinionem

230 1993 233 2000 ’
306 1969 516 2060 defenderet,
552 1997 586 2066 p.
614 1974 701 2044 308.
734 1972 887 2067 scripsit:
931 1970 1098 2062 „Persica
1123 1995 1201 2045 vero
1235 1969 1341 2060 bella,
1377 1969 1415 2042 in

165 2144 167 2148 .
306 2070 423 2166 quihus
435 2071 618 2166 Aeginetae
645 2073 784 2143 maxime
810 2072 1049 2163 excelluerunt,
1075 2095 1140 2144 non
1167 2071 1311 2166 spectari
1329 2069 1414 2164 ‚inde
1540 2083 1541 2108 ¹

305 2171 429 2266 liquet,
466 2170 552 2267 quod
586 2172 715 2268 quinam
746 2172 799 2242 illi
830 2173 1010 2245 insolentes
1044 2172 1224 2244 adversarii
1255 2173 1322 2244 sint
1345 2196 1414 2244 non
1481 2199 1483 2202 ·

286 2272 486 2359 -indicatur3
513 2273 601 2369 quod
625 2273 768 2346 invidiae
793 2273 985 2347 devitandae
1008 2298 1107 2347 causa
1123 2274 1329 2371 poetafacit,
1354 2272 1413 2344 ubi

270 2371 274 2378 ’
306 2381 422 2446 contra
438 2371 601 2447 Graecam
627 2375 767 2471 aliquam
793 2376 956 2466 civitatem
984 2376 1118 2449 dicit:“
1143 2376 1178 2447 id
1203 2383 1326 2447 tantum
1352 2375 1413 2448 ab·

305 2482 357 2548 est
382 2483 419 2548 ut
444 2475 614 2548 confirmet
637 2476 720 2548 illud
746 2476 833 2574 quod
859 2479 929 2551 vult
953 2477 1164 2569 Boeckhius,
1198 2485 1234 2548 ut
1261 2478 1322 2548 vim
1349 2477 1412 2548 ba-

305 2578 381 2649 beat
405 2577 502 2674 plane
528 2579 734 2652 contrariam.
787 2579 870 2670 Quis
893 2580 1006 2652 credat
1020 2581 1118 2673 euim,
1143 2578 1322 2651 Pindarum
1338 2577 1412 2650 Ac·

258 2719 260 2728 ·
304 2679 447 2775 ginetas,
475 2681 531 2775 qui
554 2680 614 2752 illo
640 2680 675 2752 in
700 2682 848 2778 proelio,
880 2683 978 2754 etiam
1004 2683 1033 2754 si
1058 2707 1116 2755 ees
1142 2680 1319 2754 fortissime
1345 2705 1411 2777 pu-

303 2803 422 2877 gnasse
448 2791 612 2877 putamus,
638 2791 746 2854 tanen
771 2807 835 2854 una
861 2810 934 2856 cum
946 2783 1201 2880 Peloponnesiis
1222 2783 1301 2854 victi
1315 2789 1410 2854 crant

303 2881 343 2952 ab
368 2881 644 2975 Atheniensibus,
679 2885 876 2956 conscium
908 2885 1060 2956 laudasse
1088 2893 1123 2964 nt
1147 2885 1309 2975 uictores,
1349 2881 1409 2956 sed

303 2982 401 3054 etiam
412 2983 631 3056 Athenienses
649 3009 854 3081 comparasse
871 3010 941 3056 cum
960 2981 1201 3080 Porphyrione,
1228 2984 1407 3081 Typhoeo,

301 3083 471 3179 Alcyonae
479 3136 491 3176 ,
529 3110 665 3182 quorum
690 3086 904 3156 temeritatem
931 3083 1083 3180 luppiter
1107 3085 1242 3157 fulmine
1269 3094 1303 3155 et
1328 3087 1407 3159 telis

302 3185 371 3256 suis
401 3185 526 3283 Apollo
565 3178 831 3284 prostraverint?
889 3184 944 3287 ld
970 3209 1068 3282 quum
1102 3187 1231 3259 omnino
1264 3186 1407 3260 hominis

300 3286 418 3359 fuisset
442 3289 575 3380 stolidi,
609 3296 677 3365 tum
710 3287 851 3358 omnium
877 3289 1007 3360 minime
1033 3287 1121 3360 cadit
1152 3288 1187 3360 in
1211 3286 1406 3383 Pindarum,

289 3413 397 3484 quem
421 3413 485 3462 nou
511 3390 608 3463 modo
633 3390 765 3462 summis
790 3390 941 3462 laudibus
967 3390 1128 3464 extollere
1152 3391 1287 3464 solitum
1297 3391 1407 3464 Athe·

211 3503 214 3524 '
300 3513 374 3582 nas,
400 3491 459 3563 sed
476 3493 582 3582 ¹etiam
606 3491 728 3588 insigni
754 3491 795 3564 ob
821 3515 877 3565 eas
902 3491 1016 3564 laudes
1042 3493 1167 3566 honore
1188 3493 1338 3566 affectum
1363 3493 1405 3564 ab

296 3591 555 3666 Atheniensibus
581 3617 655 3666 esse
680 3601 822 3666 constat.
873 3591 990 3687 Immo,
1017 3594 1047 3666 si
1072 3593 1259 3691 quidquam,
1286 3594 1406 3666 certis·

300 3693 415 3766 simum
444 3695 582 3788 videtur,
607 3721 674 3772 uon
699 3695 739 3767 dc
766 3696 840 3768 aliis
864 3720 961 3792 quam
982 3695 1027 3771 ‚de
1041 3695 1157 3767 Persis
1183 3696 1304 3769 dictum
1330 3719 1404 3768 esse

298 3793 382 3868 illud
406 3792 474 3890 βία
499 3793 540 3869 δὲ
565 3795 628 3872 καὶ
651 3792 887 3897 μεγάλαυχον
910 3797 1068 3895 ἔσφαλεν
1091 3798 1133 3872 ἐν
1153 3790 1293 3894 χρόνῳ,
1320 3821 1405 3893 quc-

298 3920 370 3968 rum
395 3897 535 3970 tumidas
567 3899 670 3970 minas
702 3908 737 3971 et
766 3899 910 3972 ferocem
942 3899 1127 3996 superbiam
1151 3900 1334 3995 Aeginetae
1360 3897 1403 3973 ad

299 3995 499 4069 Salaminem
523 4005 614 4070 tanta
637 3998 828 4072 fortitudine
853 4000 1034 4096 fregerunt,
1060 4001 1102 4074 iis
1126 4008 1163 4071 ut
1182 4001 1340 4096 primatus
1358 4001 1403 4073 sit

298 4097 524 4170 adiudicatus:
557 4100 645 4198 quod
670 4109 809 4174 testatus
835 4110 886 4173 est
902 4101 1092 4174 Herodotus
1106 4098 1212 4172 VIII.
1238 4102 1303 4176 93.
1352 4100 1402 4174 Et

298 4198 371 4296 quis
393 4223 469 4271 ‘nou
493 4199 621 4296 rideat,
655 4209 690 4274 et
713 4203 830 4299 ingens
856 4202 1006 4276 debuisse
1030 4203 1151 4274 bellum
1176 4225 1250 4276 esse
1266 4203 1310 4276 'ct
1333 4229 1402 4278 non

173 4305 175 4314 ‘
297 4299 514 4394 Graecorum,
541 4303 599 4374 sed
625 4302 847 4396 barbarorum,
873 4304 958 4400 quod
979 4329 1052 4377 cum
1069 4300 1250 4400 Gigantum
1266 4305 1400 4378 immani

296 4410 415 4478 commu
439 4398 710 4504 compararetur?
759 4403 815 4480 Ex
849 4430 914 4504 quo
946 4403 1176 4502 consequitur,
1208 4414 1398 4506 corruptum
