3070 5048
192 269 203 288 ⁸
241 223 243 230 ¹
279 265 343 334 aaa
592 268 643 330 un
663 267 850 328 nuseuuur
870 266 1068 346 munuum

279 436 333 507 los
359 457 446 506 esse.
497 429 568 505 Sed
592 457 658 506 nou
683 432 895 506 mediocriter
918 431 1107 507 co'uturhari
1128 455 1183 506 me
1199 431 1310 504 fateor
1325 431 1400 504 alia

280 551 331 609 ic.
382 535 474 626 Quas
500 533 586 606 enim
612 559 712 632 supra
737 534 899 632 descripsi
932 533 1013 606 duas
1040 533 1134 606 unius
1160 533 1248 622 rosis
1281 532 1396 630 pictu-

279 661 356 728 rus,
391 661 448 710 eas
474 633 678 726 Wclcluerus
711 636 842 733 quidem
873 661 909 733 p.
936 639 1023 712 256.
1049 660 1120 732 seq.
1154 659 1220 706 uuo
1253 635 1289 706 in
1317 658 1398 706 uase

229 735 233 752 “
280 761 354 812 csse
381 739 428 812 eit
453 735 744 834 apndPasserium
770 738 881 810 tabula
902 735 1029 810 CCIV.
1079 741 1127 809 At
1152 736 1235 808 nihil
1260 737 1328 808 tale
1357 761 1400 808 ea

168 901 170 913 .
280 840 392 913 tabula
416 839 526 930 hahet,
553 839 612 911 sad
630 840 665 910 iu
682 839 830 911 Passerii
847 839 986 936 picturis
1001 838 1219 911 Etruscorum
1234 838 1303 910 uol.
1320 835 1398 910 ΙΠ.

228 955 233 966 ’
280 941 392 1015 tahula
417 937 583 1013 chssI.
615 941 705 1012 illam
738 941 836 1012 hehet
860 941 1040 1042 picturam,
1077 965 1173 1038 quam
1204 941 1239 1012 in
1264 941 1398 1040 postica

280 1050 374 1142 parte
400 1042 487 1114 uasis
514 1065 587 1113 esse
614 1039 961 1136 scribitWelclnerus,
989 1066 1071 1137 quae
1098 1065 1208 1112 senem
1225 1041 1399 1112 harhatum

280 1145 368 1218 inter
393 1143 476 1215 duos
501 1144 636 1215 iuvenes
661 1143 789 1216 malleis
814 1145 993 1216 instructos
1021 1141 1177 1215 ostendit.
1235 1141 1289 1236 Ea
1315 1167 1397 1214 vcro

281 1247 411 1346 pictura
437 1244 522 1341 apud
547 1244 737 1316 Passerium
762 1246 797 1316 iu
823 1245 927 1316 altera
951 1254 1046 1342 parte
1072 1245 1158 1316 vasis
1184 1269 1250 1316 non
1276 1245 1400 1316 mulie-

280 1371 351 1419 rem
376 1370 438 1419 ncc
464 1347 553 1418 viros
578 1345 620 1418 ad
646 1345 828 1418 feriendum
853 1354 987 1444 paratos
1014 1347 1176 1442 aliumque
1204 1346 1308 1418 virum
1334 1369 1398 1442 pa-

149 1539 151 1544 ·
236 1491 240 1500 ·
282 1457 426 1539 ventem,
454 1447 513 1520 sed
537 1457 606 1519 tres
632 1447 737 1521 nudos
762 1449 897 1520 iuvenes
916 1472 988 1521 cum
1006 1447 1130 1544 potesis
1149 1447 1309 1538 exhibet,
1324 1447 1398 1520 col·

280 1551 454 1646 loquentes
478 1550 566 1621 iuter
591 1574 647 1641 sc,
682 1575 818 1647 quorum
843 1575 927 1622 uuus
953 1551 1106 1621 malleum
1133 1557 1242 1640 tenet,
1275 1549 1399 1644 reliqui
1458 1603 1465 1610 .

282 1651 346 1724 duo
379 1651 475 1722 nihil.
533 1649 600 1722 Illa
628 1676 703 1723 uero
737 1653 868 1748 pictura
899 1653 934 1723 in
969 1675 1032 1747 qua
1057 1651 1175 1722 mulier
1200 1659 1271 1742 est,
1310 1650 1399 1746 apud

281 1753 472 1827 Passerium
484 1752 521 1824 in
538 1753 604 1826 alio
621 1763 777 1846 resecat,
801 1753 887 1850 quod
901 1752 1023 1850 pictum
1040 1762 1091 1824 est
1107 1751 1219 1836 tabula
1233 1749 1398 1824 chIV.

172 1897 174 1902 ·
281 1855 444 1950 habetque
482 1855 519 1924 iu
551 1856 655 1926 altera
690 1856 775 1926 vasis
808 1864 902 1952 parte
937 1855 1121 1951 oppositam
1153 1853 1329 1950 imaginem
1362 1853 1399 1925 iu

79 2043 84 2057 Ι
168 1967 173 1985 ’
282 1957 391 2028 medio
406 1956 525 2028 stantis
543 1955 776 2047 adnleseentia,
798 1964 835 2028 ut
849 1955 1023 2028 Passerius
1038 1957 1286 2052 iuterpretatur,
1314 1977 1397 2026 nova

282 2065 363 2152 toga
387 2056 506 2145 induti,
533 2057 587 2127 cui
613 2081 656 2126 cx
682 2070 819 2153 utraque
846 2065 940 2153 parte
967 2055 1075 2128 adstat
1101 2058 1153 2128 vir
1169 2065 1303 2152 togatus
1323 2081 1396 2128 cum

282 2156 415 2248 haculo,
442 2180 579 2254 quorum
596 2157 738 2228 virorum
762 2159 847 2228 altcr
865 2158 1065 2253 colloquitur
1083 2183 1156 2230 curn
1174 2157 1397 2250 adolescente,

284 2258 371 2330 iuter
397 2258 536 2330 alterurn
562 2266 670 2330 autern
696 2268 730 2330 et
756 2258 997 2331 adolescentem
1019 2259 1162 2356 pendent
1180 2261 1319 2332 exuviae
1342 2283 1398 2332 ca·

283 2360 363 2458 pitis
390 2359 490 2431 ovini.
541 2359 714 2456 Apparere
736 2367 820 2457 'ergo
837 2360 977 2452 videtur,
1005 2361 1217 2434 coniunxisse
1231 2359 1398 2434 Welche·

284 2487 356 2532 rum
382 2459 519 2532 duorum
544 2463 691 2558 picturas
718 2485 882 2554 uasorum,
910 2462 1009 2535 credo
1028 2463 1113 2559 quod
1131 2463 1267 2538 Palicus
1287 2473 1400 2536 osteu-

286 2563 364 2636 dcre
390 2563 592 2654 viderentur,
619 2587 739 2659 easque
765 2563 895 2655 deiude,
922 2590 987 2636 non
1014 2563 1121 2636 denuo
1147 2565 1298 2662 inspecto
1314 2564 1399 2636 Pas·

286 2665 366 2736 serii
390 2665 490 2754 lihro,
516 2689 581 2737 uuo
603 2665 642 2736 iu
666 2689 745 2738 uase
771 2690 844 2738 esse
871 2667 1008 2739 dixisse.
1025 2667 1057 2765 8)
1108 2665 1289 2763 Utriusque
1313 2667 1398 2739 vasis

287 2767 432 2862 picturas
457 2759 635 2838 Passerius
667 2766 709 2838 ad
740 2769 795 2839 res
822 2769 969 2840 scenicas
995 2767 1143 2858 rettulit,
1186 2778 1284 2866 atque
1316 2767 1400 2840 illud

287 2891 363 2958 uas,
395 2869 431 2938 iu
458 2869 550 2939 cuius
577 2869 682 2939 altera
713 2877 808 2966 parte
834 2894 937 2942 senex
964 2894 1037 2942 cum
1063 2869 1189 2942 duobus
1215 2872 1399 2960 iuuenibus,

286 2969 322 3040 in
347 2969 452 3040 altera
477 2974 558 3040 tres‘
571 2970 649 3044 nudi
678 2970 739 3041 viri
756 2978 844 3062 suut,
870 2968 1060 3043 Vulcanum
1076 2980 1171 3069 putat
1188 2971 1397 3069 spectandum

286 3071 445 3166 praehere
472 3071 720 3142 contendentem
747 3095 821 3142 cum
847 3068 1066 3167 Cyclopihus,
1101 3073 1257 3169 litemque
1282 3073 1395 3175 deiude

155 3225 165 3238 .
289 3172 523 3270 compositam:
551 3171 686 3242 alterius
713 3180 820 3242 autom
846 3173 947 3263 uasis,
974 3172 1067 3246 cuius
1093 3183 1158 3244 una
1178 3177 1303 3272 pictura
1317 3173 1399 3246 adc-

288 3273 467 3346 lescentem
498 3296 584 3343 nova
616 3281 695 3367 toga
726 3272 873 3344 indutum
907 3273 994 3345 inter
1027 3274 1108 3347 duos
1141 3277 1231 3348 viros
1264 3276 1399 3366 neharot,

290 3374 428 3447 alteram
458 3375 619 3471 picturam
655 3399 721 3446 uon
760 3375 889 3447 ridetur
919 3383 1011 3448 recte
1045 3360 1118 3449 esse
1137 3379 1399 3476 interpretatus.

290 3475 384 3548 Dicit
417 3477 502 3548 euim
535 3477 683 3572 geminos
716 3477 863 3549 homiues
897 3477 1067 3550 silvestres
1099 3479 1235 3552 hircinis
1269 3481 1401 3552 auribus

291 3577 471 3671 praeditos,
499 3589 575 3670 aut,
602 3579 632 3650 si
657 3579 730 3674 quis
756 3579 861 3670 malit,
887 3576 1022 3652 Faunos
1048 3580 1223 3673 caudatos,
1252 3583 1403 3678 bipenni·

72 3709 76 3729 =
161 3769 169 3780 ἱ
269 3677 353 3760 ,hus
385 3688 539 3754 armatos
560 3681 699 3752 alterum
731 3679 795 3752 sihi
827 3704 872 3751 ex
905 3680 1019 3753 eodem
1053 3691 1150 3755 coctu
1176 3692 1403 3756 occurrentem

293 3775 393 3850 ferire
418 3787 558 3873 tentare,
585 3787 757 3878 paventem
783 3790 817 3853 et
841 3782 1042 3879 supphcem3
1076 3791 1110 3856 et
1134 3785 1288 3858 feminam
1312 3784 1403 3858 humi

378 4043 408 4128 ⁸)
437 4047 578 4107 Confitetur
605 4072 715 4112 errorem
737 4053 894 4111 Welckerus
920 4059 949 4114 in
975 4056 1176 4114 Zimmermsnni
1202 4057 1311 4116 Diurnis
1339 4033 1402 4116 anti·

96 4175 101 4182 .
214 4195 219 4210 Ι
295 4135 392 4212 quariir
413 4151 437 4192 a.
460 4130 552 4192 18³8.
574 4155 600 4193 n.
623 4137 673 4197 29.
701 4159 728 4216 p.
750 4135 821 4196 239.
852 4145 936 4198 ortum
962 4159 1008 4217 per
1034 4145 1131 4200 amieos
1153 4147 1210 4200 eius
1230 4143 1400 4211 Parisiorum,

269 4229 271 4236 '
295 4225 485 4296 correctumque
512 4221 563 4276 iam
586 4217 702 4279 esre'ab
728 4242 758 4281 se
779 4229 867 4280 monet
892 4227 920 4282 in
940 4222 1050 4283 Notitiis
1072 4227 1188 4285 Instituti
1215 4226 1398 4306 aruheeoloqiei

296 4325 321 4363 e.
343 4301 442 4366 leth·
456 4325 482 4382 p.
505 4300 576 4366 138.
