3070 5048
468 338 547 442 hus
569 335 919 420 uasrcsumsuvs
1202 337 1287 415 m

76 515 78 522 “
154 524 253 598 quem
277 500 428 579 lnirnioos
453 503 587 587 hahere.
637 505 755 601 Itaque
769 503 936 596 Minerva,
962 527 1046 600 quoe
1071 528 1137 582 non
1162 533 1266 604 gons-
1385 521 1390 536 ’

153 611 229 675 rata
253 602 293 673 ah
317 604 387 680 illis
414 607 512 680 tertia
543 609 720 682 instares
746 629 863 702 magna
888 606 950 680 des
974 606 1140 700 adstaret,
1177 609 1265 690 dicte

154 714 208 784 est
231 704 473 806 Τριτογένεια.
523 709 622 788 Hane
646 710 731 783 enim
757 708 925 806 propriam
948 709 1090 785 nominis
1115 718 1265 806 potesta
1363 713 1366 728 '

153 813 219 877 tem
253 830 327 877 esse
359 808 431 903 ipsa
463 810 568 883 lorma
594 810 745 884 vocabuli
771 809 926 882 ostendit.
978 807 1049 885 Sed
1076 812 1263 886 oblitterata

150 907 257 1012 huius,
281 908 332 978 rei
366 913 521 983 memoria
553 913 738 1004 inventum,
779 919 815 984 ut
848 935 868 981 a
900 911 1043 984 Tritone
1076 912 1175 986 lluvio
1210 917 1263 988 vel

150 1009 243 1081 fonte
271 1010 322 1080 vel
342 1010 429 1104 lacu,
457 1013 497 1084 ad
520 1037 614 1110 quem
632 1025 711 1086 nata
733 1019 834 1103 esset,
861 1037 978 1085 nomen
997 1015 1165 1110 accepisse
1188 1040 1263 1089 cre·

10 1211 14 1218 Ι
149 1109 303 1187 deretur:
336 1135 410 1187 nam
438 1116 520 1191 alias
546 1117 688 1214 ineptias
709 1123 897 1212 praetereo,
922 1139 988 1190 non
1008 1124 1137 1210 spretas
1151 1113 1273 1196 taraon'
1343 1195 1346 1200 ,

148 1211 385 1309 aBoettigero
411 1216 615 1292 insecundo
642 1218 805 1294 uolumine
822 1214 1098 1300 Observationum
1124 1219 1164 1298 de
1190 1244 1261 1316 mys,

147 1313 300 1412 tholegia
333 1315 496 1390 artilieum
528 1345 564 1415 p.
590 1321 653 1398 75.
709 1317 795 1396 Indo
828 1343 924 1416 quam
956 1319 1169 1402 vetustissimi
1194 1343 1261 1402 nou

146 1415 249 1491 aliter
274 1440 369 1512 quam
387 1420 640 1520 Τριτογένειαν
664 1429 836 1510 vocarunt,
862 1420 903 1492 ab
929 1421 1169 1502 recentioribus
1193 1422 1260 1504 dici

147 1527 270 1616 coepte
294 1527 345 1589 est
362 1520 540 1612 Τριτωνὶς
565 1532 599 1600 ει
617 1515 829 1616 Τριτωνιάς.
882 1517 953 1593 Sed
975 1521 1109 1599 deorum
1126 1524 1260 1606 nomina

148 1620 312 1710 omnium,
348 1621 435 1714 quod
468 1624 609 1695 emnium
643 1623 755 1694 eadem
790 1621 968 1693 communis
1000 1621 1110 1702 divim
1141 1633 1260 1708 natura

129 1726 221 1810 rest,
258 1731 401 1816 cognate
433 1723 520 1796 inter
546 1749 582 1796 se
608 1749 681 1798 esse
707 1746 843 1794 necesse
869 1731 932 1796 est.
981 1720 1101 1819 Itaque
1126 1733 1260 1820 reperta

146 1822 323 1917 cognatio,
351 1848 416 1918 qua
440 1833 475 1898 et
499 1823 718 1922 Pelasgorum
744 1823 810 1900 diis¹
834 1830 868 1895 et
892 1821 1066 1902 Minervae
1092 1849 1174 1906 suus,
1196 1825 1259 1898 hu-

78 1919 81 1932 ’
144 1947 208 1994 nos
245 1933 424 1998 constaret.
482 1926 587 1998 Dicta
618 1935 669 2000 est
694 1925 786 1998 Iouis
819 1924 890 1996 filia
920 1948 1015 2016 esse,
1055 1949 1165 1997 rerum
1191 1953 1258 2000 non

143 2033 319 2120 procreata
343 2049 386 2098 ex
412 2036 515 2102 matre
541 2029 662 2126 aliqua,
689 2028 760 2120 sed,
788 2027 894 2123 qualis
919 2027 1045 2118 luerat,
1072 2027 1183 2100 adulta
1206 2037 1259 2101 at·
1355 2061 1361 2074 ·

144 2149 208 2221 que
235 2136 357 2199 armata
382 2154 425 2200 ex
451 2130 558 2226 capite
584 2131 779 2228 prosiluisse
799 2127 904 2200 Iovis.
955 2127 1103 2199 Primum
1124 2130 1188 2202 hoe
1205 2130 1258 2201 di-

142 2228 236 2306 xisse
257 2226 486 2305 Stesichorum
511 2233 558 2303 ait
583 2233 778 2327 scholiastes
795 2230 969 2329 Apollonii
993 2229 1034 2302 ad
1048 2228 1117 2303 IV.
1145 2233 1257 2308 1310.

64 2413 71 2421 .
126 2353 262 2415 ,uereor
286 2355 327 2402 ne
353 2356 418 2404 non
446 2341 550 2404 recte.
599 2332 833 2406 Recentiorum
859 2332 970 2421 fabula
987 2339 1038 2404 est
1060 2334 1257 2406 materMe-

142 2431 201 2524 tis,
227 2427 320 2504 Iouis
345 2433 419 2504 alvo
446 2441 592 2534 recepta.
722 2429 723 2434 ’

244 2531 356 2612 Multa
381 2541 509 2604 ueteres
536 2534 618 2606 mira
639 2532 813 2612 memoriae
838 2530 1033 2628 prodidere:
1066 2532 1171 2626 magis
1193 2534 1257 2604 mi·
1383 2595 1385 2602 ,

140 2633 261 2713 rabilia
285 2641 400 2706 nostra
424 2635 506 2706 vidit
527 2644 630 2707 aetas.
680 2631 894 2707 Exstiternnt
911 2631 968 2726 qni
981 2629 1166 2706 Minervam
1181 2652 1255 2711 sess

141 2735 249 2830 ipsam
280 2734 487 2808 interfecisse
519 2743 702 2808 narrarent.
746 2735 869 2826 'Atrox
901 2731 1046 2806 facinus:
1085 2731 1255 2808 honestior

140 2843 252 2908 tamen
274 2860 365 2909 mors
392 2836 585 2910 immertalis
611 2835 710 2930 deae,
746 2858 841 2934 quam
869 2833 1040 2910 confessae
1066 2841 1255 2915 venatorum

142 2937 281 3034 spiculis
307 2939 341 3010 in
368 2936 584 3034 Calydonium
617 2961 708 3009 suem
733 2944 876 3014 mutatae
900 2934 1044 3009 Bianae.
1104 2934 1255 3009 Demon-

142 3047 250 3118 stnant
274 3063 343 3113 rem
369 3040 435 3113 ita:
470 3041 592 3114 occidit
616 3037 771 3113 Minerua
789 3036 1001 3133 Gorgonem:
1028 3037 1118 3134 atqui
1133 3034 1253 3134 Gorgo

141 3140 218 3237 ipsa
243 3141 482 3214 estMineruar
509 3168 589 3240 ergo
603 3141 758 3214 Minerva
781 3164 854 3212 sese
873 3139 947 3236 ipsa
961 3137 1095 3210 occidit.
1146 3137 1253 3214 Recte
1313 3155 1315 3165 ’

142 3243 300 3314 conclusa
325 3245 410 3314 ratio
437 3251 507 3332 est,
544 3245 574 3314 si
599 3241 717 3339 Gorgo
743 3241 897 3313 Minerua
923 3248 986 3311 est.
1037 3242 1163 3313 Demus
1188 3239 1253 3313 hoe

141 3343 287 3414 interim.
338 3342 432 3438 Ergo
459 3353 587 3416 mortua
612 3353 664 3416 est
689 3343 861 3432 Minerua,
896 3339 1024 3438 qnando
1049 3364 1114 3412 non
1141 3341 1253 3413 meunt
1348 3407 1352 3422 s

143 3443 201 3541 qui
233 3443 336 3516 occisi
368 3454 456 3516 sunt.
517 3445 657 3516 Minime
690 3467 790 3515 voroz
835 3443 926 3512 risit.
993 3440 1061 3532 Qui
1093 3435 1252 3514 tandem?

140 3544 270 3642 Nempe
296 3545 329 3617 id
351 3553 388 3618 ut
404 3545 586 3637 efficerent,
612 3545 795 3617 diuiserunt
807 3543 996 3618 Mineruam
1012 3543 1046 3644 in
1062 3541 1141 3636 duas
1157 3543 1298 3636 deas,17
1429 3630 1435 3640 „

141 3647 280 3721 infestas
307 3647 382 3737 sihi,
420 3671 553 3746 quarum
580 3648 685 3718 altera
710 3647 845 3717 alteram
872 3643 1041 3718 occiderit.
1099 3640 1161 3716 Sie
1185 3669 1250 3718 una
1382 3715 1384 3724 ,

142 3757 312 3847 superstes
338 3751 467 3820 mansit.
519 3748 645 3842 Quibus
673 3769 749 3818 uero
775 3745 975 3842 argumentis
989 3744 1133 3836 vineunt,
1160 3769 1250 3819 eam·

143 3849 217 3924 dem
243 3857 317 3929 esse
334 3847 528 3948 Gorgonem
554 3840 813 3926 etMineruamd
834 3847 837 3858 ¹
861 3845 1027 3932 Proderit
1050 3853 1152 3918 testes
1177 3849 1248 3921 eius

36 4025 38 4034 ,
138 3943 194 4024 ‘rei
219 3952 373 4026 disertius
398 3975 494 4049 quam
519 3976 603 4048 qnos
629 3959 785 4047 sequutus
812 3958 863 4022 est
869 4001 882 4041 ,
909 3945 951 4020 G.
977 3946 1024 4022 Η.
1049 3947 1113 4022 W.
1139 3946 1248 4024 Vael-

144 4052 263 4126 ckerds
295 4055 329 4125 in
355 4051 590 4150 Geographise
615 4053 775 4148 mythicae
794 4051 868 4123 rol.
893 4048 926 4121 Ι.
957 4074 993 4146 ρ.
1018 4050 1090 4148 25.
1119 4048 1246 4123 Eorum

105 4191 110 4202 ·
143 4155 267 4251 primus
293 4162 344 4226 est
359 4153 596 4253 Palaephatus,
625 4155 815 4282 praeclarus
841 4175 919 4224 sane
946 4160 1073 4242 auctor,
1099 4151 1245 4222 scribens

144 4280 219 4353 cap.
246 4258 307 4332 32.
339 4263 492 4331 καλοῦσι
524 4253 565 4332 δὲ
596 4282 665 4350 την
681 4255 851 4350 Ἀθηνᾶν
865 4256 1076 4352 ’Κυρηναῖοι
1101 4245 1246 4352 Γοργώ,
1338 4341 1341 4352 Ι

146 4353 262 4457 ὥςπερ
287 4354 355 4452 τὴν
379 4357 547 4458 ’Άρνιμιν
576 4361 712 4456 Θρᾷκες
734 4354 927 4444 Beroea,
958 4357 1097 4452 Kapros
1120 4347 1162 4426 di
1178 4349 1247 4430 Δί·
1306 4392 1308 4400 ⁴
