3076 5046
424 329 976 476 uuuuuorronus'rmnmrosu.
1193 379 1254 482 roc

242 537 502 641 Κασσάνδραν
526 517 641 641 uulso}
663 550 791 643 χαλκῷ
817 543 889 620 σὺν
906 544 1192 646 Ἀγαμεμνονίᾳ.

248 637 598 742 Παρνασσοῦπόδα
611 643 774 722 ναίονθ’
800 644 895 722 ἀλλὰ
907 643 1048 746 χρονίρι
1063 646 1134 725 σὺν
1146 650 1254 748 Ἄρει.
1299 649 1304 678 “
1365 707 1376 726 .

145 793 207 886 At,
234 795 368 868 obiiciat
388 796 527 893 aliquis,
553 782 686 870 uomina
706 797 841 895 propria
857 806 1002 896 poetam,
1028 813 1065 874 ut
1085 801 1171 874 hauc
1191 791 1304 876 sibil5

146 921 331 968 mensuram
356 900 580 995 permitteret,
608 908 799 996 coegerunt.
851 900 939 991 Quid
965 927 1057 996 vero,
1083 911 1119 975 ut
1144 911 1256 976 uterc-

146 1005 202 1070 tur
233 999 285 1070 bis
302 999 514 1094 nominibus,
548 993 715 1098 cogebat?
771 999 856 1074 Nam
882 1000 1101 1076 Cassandram
1127 1004 1257 1103 quidem

144 1105 214 1172 tam
240 1101 331 1172 nulla
356 1109 428 1173 erat
451 1097 640 1175 nominandi
671 1103 872 1196 necessitas,
904 1115 942 1176 ut
973 1104 1144 1179 admodum
1175 1113 1258 1203 pro-'-

147 1199 233 1274 clive
259 1203 304 1274 sit
328 1203 509 1299 suspicari,
546 1205 585 1276 ab
611 1205 793 1302 interprete
819 1205 1018 1305 adscriptum
1050 1208 1114 1281 boc
1140 1233 1258 1280 nomen

147 1303 233 1375 alins
257 1303 350 1376 vocis
384 1304 599 1401 expellendas
632 1331 780 1380 caussam
805 1307 921 1380 fuisse.
977 1307 1104 1381 Ponam
1129 1335 1190 1408 pro
1215 1334 1256 1382 co

83 1453 88 1462 2
126 1427 127 1432 ¹
147 1403 239 1476 aliud
262 1405 468 1498 vocabulum,
495 1431 534 1479 ac
552 1408 632 1504 poni
652 1417 764 1505 potest
785 1410 1002 1507 aptissimum,
1029 1419 1064 1484 ct
1082 1435 1177 1484 nemo
1195 1437 1258 1484 uo·

139 1511 223 1578 'men
249 1505 455 1579 Cassandrae
481 1508 700 1581 desiderabile

250 1666 359 1747 ὁπότε
383 1669 607 1771 Δαρδανίδα
632 1667 750 1769 κόραν
775 1671 954 1772 Πριάμου
1283 1765 1285 1778 .

250 1769 468 1872 οἰκτρότατα
492 1783 608 1874 πολιῷ
628 1783 757 1876 χαλκῷ
783 1775 855 1852 σὺν
872 1775 1146 1880 Ἀγαμεμνονίᾳ
1197 1863 1204 1872 p

249 1883 355 1973 ψυχᾷ
379 1872 531 1975 πόρεσσ’
554 1877 767 1979 Ἀχέροντος
791 1877 911 1954 ἀκτὰν
935 1880 1023 1978 παρ’
1055 1881 1202 1956 εὔσκιον

247 1976 357 2075 νηλὴς
380 1974 491 2080 γοναί.
785 1984 787 1999 “

148 2145 330 2221 Difficilius
351 2161 402 2222 cst
416 2149 555 2223 alterum
573 2174 693 2224 nomen
711 2174 895 2225 remouere.
926 2148 1017 2250 jSed
1032 2159 1140 2225 tamen
1157 2175 1260 2249 quao-

149 2273 223 2320 rere
247 2250 381 2337 licebit,
413 2275 490 2342 cun,
524 2275 621 2346 quum
648 2253 701 2324 uel
725 2251 884 2324 Parnassi
908 2278 1026 2327 nomen
1051 2255 1118 2326 alio
1143 2279 1258 2327 uersus
1354 2285 1355 2300 ¹

148 2349 225 2423 loco
249 2361 339 2424 recte
365 2353 457 2448 poni,
484 2353 538 2423 vel
562 2351 687 2426 Phocis
714 2361 771 2424 aut
784 2351 912 2446 Orissa,
939 2379 1035 2451 quam
1059 2357 1172 2428 urbem
1192 2357 1260 2438 ba·
1289 2373 1295 2380 ·

150 2452 273 2525 ditasse
298 2453 404 2524 lentur
428 2450 621 2549 Strophius,
645 2453 808 2525 nominari
832 2457 997 2551 potuerit,
1025 2459 1260 2553 Παρνασσοῦ
1321 2487 1323 2496 ·

149 2548 248 2628 πόδα
274 2553 479 2626 scribendum
505 2554 638 2625 duxerit
661 2552 839 2624 Pindarus.
891 2555 989 2645 Quod
1015 2556 1044 2624 si
1070 2557 1143 2650 quis
1157 2551 1261 2629 Koio-
1355 2605 1360 2624 .

151 2650 323 2752 σανδραν
353 2662 391 2726 ut
416 2678 459 2726 ox
484 2654 755 2749 interpretatione
780 2655 816 2724 in
841 2661 967 2725 textum
992 2655 1122 2726 uenisse
1148 2655 1261 2728 credat

151 2755 350 2847 adducetur,
383 2754 495 2850 quidni
520 2755 618 2825 etiam
645 2757 902 2850 Παρνασσοῦί
951 2752 1033 2828 Scio
1059 2780 1110 2828 mc
1137 2753 1261 2850 dicere,
1383 2778 1386 2784 ’
1500 2803 1506 2817 1

151 2855 240 2954 quod
265 2856 322 2927 uix
349 2857 506 2928 credibile
531 2854 714 2927 videatur.'
751 2855 835 2928 Nam
868 2851 967 2930 πόδα
999 2857 1118 2930 rnoutis
1143 2881 1262 2930 nomen

151 2959 303 3056 requirit,
329 2981 391 3031 nce
406 2957 689 3049 Parnassosaliud
715 2982 811 3054 quam
835 2958 1033 3059 hoo,ipsum
1056 2957 1174 3033 nomeu
1196 2969 1261 3032 cst.
1341 2969 1343 2975 '
1400 2967 1410 2980 '

152 3058 223 3134 Sed
249 3069 357 3133 tamen
383 3060 499 3153 video,
532 3060 562 3131 si
587 3061 661 3158 quis
687 3060 843 3135 coniiciat
868 3061 1042 3160 scripsisse
1067 3060 1261 3156 Pindarum,
1289 3140 1290 3148 χ

252 3226 401 3330 Δελφὸν
434 3225 508 3304 ὑπὸ
539 3223 639 3306 πόδα
673 3226 837 3305 ναίοντ’·
870 3215 980 3304 ’όιλλδι
1015 3227 1173 3330 χρονίῳ·
1191 3227 1263 3306 σὺν

385 3336 389 3342 ’
799 3329 911 3428 Ἄρει,
998 3417 1001 3424 Α

63 3483 73 3504 χ
154 3506 244 3573 vere,
270 3479 328 3555 sed
354 3482 483 3552 insucto
508 3480 606 3552 modo
632 3479 754 3553 dictum
779 3479 927 3579 Δελφὸν
951 3476 1051 3555 πόδα
1074 3481 1261 3556 necessario
1286 3494 1293 3505 '

154 3582 384 3680 explicandum
409 3581 512 3654 fuisse
537 3606 599 3679 per
613 3585 856 3678 Παρνασσοῦ.
908 3586 1018 3677 Quare
1043 3583 1167 3660 nobie
1189 3585 1264 3685 qui-
1324 3577 1348 3604 ”

155 3686 228 3758 dem
253 3686 411 3757 librorum
437 3684 632 3779 scripturam
663 3695 725 3778 pro
750 3706 829 3754 vera
856 3683 1037 3756 habendam
1066 3708 1264 3758 asseverem.

74 3865 76 3874 p
154 3787 209 3859 Eo
234 3787 339 3883 magis
367 3811 444 3858 vero
469 3786 527 3856 illc
553 3809 680 3875 vorsus,
707 3807 727 3856 a
753 3783 816 3879 quo
841 3784 1010 3882 profectus
1036 3810 1119 3878 sum,
1146 3812 1264 3884 ruspe-

156 3897 229 3962 ctus
255 3913 329 3961 esse
356 3887 464 3979 debet,
493 3887 529 3958 in
554 3911 618 3983 quo
643 3910 706 3958 uec
730 3911 847 3959 nomeu
873 3873 1264 3986 proprium'impediebat

157 4015 221 4087 quo
246 3990 353 4065 minus
379 3990 492 4061 breves
519 3988 662 4084 syllabae
687 3997 899 4084 ponerentur,
927 3997 960 4060 et
977 3988 1106 4062 dicendi
1123 4015 1264 4065 consue·

156 4091 236 4165 tudo
262 4091 523 4189 scholiastaequc
549 4089 727 4187 explicatio
747 4088 797 4168 ,τὸ
813 4088 863 4168 ,δὲ
890 4102 1078 4189 corruptum
1109 4117 1182 4166 esse
1208 4116 1264 4164 au·

157 4201 274 4292 guuut.
326 4193 409 4288 Quis
435 4193 520 4266 euim
544 4217 611 4267 non
635 4194 746 4266 statim
770 4194 806 4266 in
829 4193 895 4268 boc
918 4193 1061 4267 incidam
1427 4299 1435 4338 o

260 4339 410 4439 ἒννόχια
434 4339 604 4448 πάραγον
628 4338 857 4442 κοιμήμαδ·
891 4343 1035 4427 dodam
1058 4337 1212 4438 ἀλόχοις.
1302 4444 1305 4450 ¹
1365 4346 1366 4354 ’
