3076 5046
296 349 375 453 'm
488 385 539 446 nu
559 385 778 448 sessorum
798 387 1066 456 cancerosus
1086 368 1234 451 erues.
1311 327 1314 348 ⁶
1379 357 1380 366 '

302 551 370 626 -mh
395 551 436 624 ah
460 550 665 650 Epicharmo
695 552 968 646 euclemrationa
992 554 1089 628 lictae
1113 575 1276 652 personae
1300 552 1422 652 imagi-

104 687 105 690 *
185 695 190 712 ·
259 731 262 736 ,
308 677 384 728 nem
408 662 539 750 putare,
566 679 630 752 qna
654 653 874 729 Pherecrates
897 657 933 728 in
948 654 1093 746 Chirone
1109 655 1277 730 Musieam
1290 655 1327 726 in
1346 679 1423 728 see·

126 761 165 847 ᾗ,
308 779 383 828 nanu
408 756 579 852 produxit,
604 757 792 853 pietumque
817 757 972 830 hahemus
993 758 1131 830 invasis
1148 757 1420 853 Dithyramhum=

93 917 97 926 ,
230 939 233 948 Ι
278 879 342 928 u.
360 853 516 932 Annali
537 857 826 936 dell’xlmto'tceto
852 857 897 932 da*
919 856 1246 960 corrhpendensa
1262 851 1421 932 archeo-

308 959 442 1058 logica
467 983 499 1030 a.
527 960 638 1035 1829.
671 959 754 1034 fase.
779 958 851 1033 111.
884 961 994 1058 ibique
1020 960 1239 1033 Welckerum
1269 985 1306 1057 p.
1332 962 1418 1036 398.

308 1058 837 1236 tltitlttttttttl
853 1061 1021 1236 >iiiiii
1046 1063 1178 1240 liiii
1194 1061 1420 1260 tellit

364 1217 367 1224 .
952 1244 955 1248 ²
1009 1214 1019 1237 ,
1103 1215 1116 1255 ,
1179 1213 1190 1234 .

307 1264 349 1334 ah
372 1263 540 1336 Archelao
572 1265 608 1336 in
638 1264 824 1362 Apotheosi
848 1265 989 1342 Homeri
1014 1273 1203 1362 expressas.
1265 1263 1420 1338 Gonierri

305 1373 474 1462 poterunt,
501 1389 585 1463 quse
610 1366 815 1438 Weleherus
840 1368 954 1440 attulit
977 1366 1018 1439 acl
1043 1367 1242 1442 Philostrati
1262 1364 1371 1463 Imag.
1385 1363 1418 1440 Ι.

306 1469 345 1540 2.
369 1491 404 1563 p.
430 1471 518 1542 212.
545 1469 637 1540 cuius
662 1467 890 1565 copiosissime
915 1469 1094 1566 disputatio
1120 1467 1162 1540 de
1177 1466 1295 1559 como,
1322 1493 1418 1565 quem

305 1593 370 1642 non
398 1593 515 1644 uereor
546 1592 587 1662 pe
621 1570 693 1666 quis
720 1569 939 1642 adtuendam
969 1571 1106 1668 lyricam
1131 1570 1334 1642 comoediam
1351 1569 1418 1642 ad·

304 1678 453 1762 moveat,
480 1680 592 1747 mouet
615 1696 688 1764 me,
714 1672 810 1744 utin
836 1681 1027 1744 transcursu
1052 1672 1211 1767 attingam
1219 1723 1231 1762 ‚
1269 1670 1417 1768 qnodin

305 1773 394 1844 vasis
420 1773 611 1869 quibusdam
637 1774 739 1869 satyri
762 1773 889 1876 figurae
915 1773 1116 1871 adscriptum
1140 1773 1306 1845 invenitur
1330 1777 1417 1846 KA-

303 1873 437 1949 ΜΟΣ.
489 1873 531 1948 le
547 1871 752 1948 Welcherus
778 1877 900 1973 aliique
918 1873 1043 1948 Dorice
1069 1873 1192 1946 dietum
1216 1882 1334 1972 putant
1353 1899 1417 1972 pro

302 1981 449 2070 Κῶμος.
500 1975 548 2048 At
562 1975 752 2048 Dorienses·
772 2002 869 2074 quum
896 2004 921 2048 α
946 2002 1007 2074 pro
1034 1985 1283 2072 coposuerunt,
1310 1975 1416 2048 estid

305 2101 350 2150 ex
375 2077 603 2150 coniunctione
630 2077 765 2150 duarum
781 2079 943 2152 vocalium
968 2087 1170 2169 concretum,
1197 2103 1332 2176 quarum
1351 2101 1416 2149 uus

152 2239 157 2252 .
304 2186 356 2256 est
381 2205 419 2265 α,
446 2202 549 2275 eaque
575 2181 627 2251 vel
653 2181 746 2277 prior
772 2182 824 2252 vel
848 2180 1026 2277 posterior,
1053 2187 1090 2251 ut
1114 2180 1150 2252 iu
1176 2206 1201 2252 α
1226 2188 1260 2252 et
1286 2186 1336 2254 ἄν
1352 2204 1416 2277 ge-

302 2279 479 2352 nitivorum
512 2305 554 2352 ex
580 2308 626 2354 αα
651 2290 686 2354 et
711 2307 810 2370 αων,
843 2283 877 2352 iu
902 2287 1041 2377 πρᾶτος
1071 2295 1116 2352 e‘x
1147 2276 1347 2378 πρότατος,
1379 2282 1416 2354 in

302 2373 376 2454 ἄτα
401 2406 445 2453 ex
470 2382 606 2471 οὔατα,
642 2383 795 2480 aliisque.
846 2383 953 2474 Quin,
986 2382 1017 2455 si
1043 2383 1206 2456 dixissent
1229 2383 1414 2456 Dorienses

301 2489 420 2576 κᾶμος
444 2509 504 2580 pro
530 2491 673 2580 κῶμος,
709 2487 782 2581 quis
816 2484 930 2556 credat
961 2485 993 2555 ei
1025 2485 1150 2556 formae
1175 2486 1285 2558 locum
1309 2485 1418 2558 fuisse
1525 2549 1526 2554 ,

301 2584 337 2656 iu
362 2585 520 2681 picturis,
557 2588 592 2658 iu
618 2587 734 2683 quihus
767 2585 857 2657 aliud
882 2587 1007 2658 nullum
1032 2585 1414 2666 Doricum‘voeahulum

218 2683 226 2690 ’
290 2694 366 2776 est,
393 2686 451 2758 sed
478 2689 607 2760 adiecta
631 2697 709 2760 sunt
732 2689 893 2760 communi
919 2689 1034 2784 lingua
1057 2683 1225 2784 Γαλήνη,
1259 2683 1413 2784 Εἰρήνη,

304 2783 490 2884 Οἰνάνθη,
511 2784 728 2873 illicinae?
776 2787 925 2886 Exque
952 2790 1182 2885 consequitur,
1208 2789 1297 2862 istud
1322 2795 1413 2864 KA-

298 2892 426 2965 ΜΟΣ
447 2900 504 2962 aut
534 2891 782 2962 usitatissimum
812 2890 897 2962 illud
928 2891 964 2962 in
995 2893 1083 2962 rasis
1108 2893 1296 2966 ΚΑΛΟΣ
1322 2917 1410 2984 esse,

299 2999 358 3063 aut
382 2993 437 3089 qui
464 2992 709 3089 descripserunt
732 3006 867 3090 putasse
892 2997 930 3065 A
952 3017 1027 3064 esse
1056 2994 1144 3089 quoi
1158 2992 1198 3066 Ω
1215 3002 1299 3066 erat.
1338 2993 1413 3067 Ne-

300 3117 362 3189 que
388 3093 423 3166 id
448 3095 575 3182 mirum,
603 3119 699 3189 quum
725 3117 824 3190 saepe
849 3094 1061 3166 incertissimi
1086 3096 1213 3169 sintin
1239 3095 1326 3168 rasis
1347 3095 1411 3167 ‹lu-

248 3181 372 3267 25etus
398 3196 592 3267 litterarum.
651 3193 714 3266 Sic
738 3195 773 3267 iu
804 3195 863 3265 illa
889 3196 975 3293 epucl
1001 3195 1253 3268 Tisehheinium
1277 3198 1408 3294 picture

298 3298 366 3369 rol.
382 3295 433 3367 Π.
454 3295 523 3368 tah.
538 3299 600 3371 44.
626 3290 747 3378 πόθος
763 3296 900 3368 inferius
918 3297 1080 3370 adiectum
1098 3298 1196 3370 habet
1211 3300 1409 3386 ΚΟΛΟΣ,

232 3447 235 3453 s
298 3397 384 3495 quod
411 3397 483 3469 sine
510 3398 608 3470 dubie
635 3406 687 3469 est
704 3399 901 3488 ΚΑΛΟΣ,
926 3399 1059 3496 alioque
1083 3400 1119 3498 pn
1145 3401 1292 3493 vaseula,
1320 3400 1407 3498 quod

296 3499 369 3596 ipse
401 3523 439 3571 se
471 3500 675 3571 examinasse
709 3500 788 3573 dicit
814 3499 1038 3593 wolckerus,
1078 3501 1266 3599 legissequc
1290 3503 1334 3578 iu
1365 3527 1407 3575 eo

214 3680 220 3696 ¹
296 3603 493 3676 ΚΑΜΟΣ
516 3610 550 3673 et
574 3605 683 3674 IAM
704 3604 756 3675 vel
782 3608 897 3690 ΙΑΣ,
930 3627 1013 3699 quae
1039 3601 1139 3674 edito
1153 3613 1206 3676 est
1230 3604 1301 3678 eius
1323 3627 1406 3676 -ras-

254 3781 257 3788 ,
291 3703 363 3774 culi
388 3703 537 3798 pictura,
572 3704 715 3800 repetita
738 3705 772 3774 in
800 3703 965 3778 Gerhardi
992 3706 1158 3776 centuriae
1184 3707 1309 3804 primae
1335 3707 1405 3778 tuh.

294 3802 421 3876 XVII.
445 3806 584 3901 praehet
608 3803 788 3880 KilMOI
818 3815 852 3878 et
876 3805 995 3879 ΙΩΜ.
1054 3804 1103 3878 Et
1126 3807 1187 3878 illa
1213 3807 1344 3904 quidem
1368 3809 1404 3879 in

293 3907 425 4002 pietura
449 3927 516 3978 uon
540 3907 671 3978 dubium
699 3908 827 3978 violetur
851 3908 928 4002 quin
953 3905 1153 3983 ΚΩΜΟΣ
1174 3909 1324 4007 posuerit
1349 3933 1408 3980 ar-

294 4007 391 4080 tilex.
413 4047 418 4054 ·
442 4005 513 4078 Sed
539 4009 618 4079 alibi
643 4007 708 4105 ipsi
734 4007 876 4079 artifices
902 4017 1099 4103 peccarunt,
1132 4018 1171 4082 ut
1203 4035 1301 4108 quum
1325 4009 1409 4084 ΩΣ
1447 4085 1453 4095 ,

293 4133 355 4207 pre
377 4110 459 4195 ΟΣ,
486 4109 790 4182 ΜΕΝΑΛΑΟΣ
810 4133 872 4203 pre
889 4111 1189 4192 ΜΕΝΕΛΛΟΣ
1209 4120 1403 4210 posuerunt.

295 4210 470 4286 Caeterum
495 4235 539 4282 ex
563 4211 622 4280 illa
647 4210 689 4280 ad
713 4208 906 4305 Epicharmi
930 4209 1141 4306 Κωμαστάς
1165 4238 1325 4310 expressa
1348 4214 1405 4310 pi-

293 4323 388 4388 etura
413 4337 477 4386 non
503 4311 625 4382 rectius
651 4310 725 4406 quis
739 4311 893 4385 coniiciat
909 4320 1062 4408 quattuor
1077 4314 1294 4388 histrionibus
1309 4339 1403 4394 usum

294 4439 368 4491 esse
383 4413 630 4512 llpieharmurn,
657 4435 753 4509 quarn
779 4412 819 4487 de
841 4415 945 4488 trihus
959 4415 1191 4514 pronunciarit
1210 4415 1259 4492 Ο.
1273 4417 1404 4492 Mullo-
