3076 5046
312 407 377 496 ιλλ
648 429 652 438 ·
711 425 767 488 nn
795 400 1075 531 arnonus*

312 595 468 668 tutionem
495 591 706 666 adscisceret.
757 591 947 712 Numquae
971 589 1170 665 deiiciortm·
1185 593 1221 662 et
1231 585 1427 686 deprimun-

313 683 388 788 λιι,
432 697 600 793 quiescere
634 703 668 768 et
699 695 771 768 sine
804 704 894 768 motu
930 695 1040 768 iacere
1075 700 1330 766 consentaneum
1363 701 1426 766 ese

190 837 200 850 ·
313 797 390 874 Non
415 799 519 894 magis
545 796 679 893 probari
703 805 816 892 potest
835 796 1058 914 ratiocinatio,
1085 817 1149 890 qna
1165 793 1277 866 matris
1294 791 1429 888 Clyme-

225 899 258 974 ,’
313 924 377 974 uae
409 899 663 1017 appellationem
690 900 849 996 explicat.
899 897 984 970 Eam
1017 899 1087 970 eine
1114 895 1212 967 dolio
1238 919 1258 966 a
1283 891 1430 1014 κλύζειν

315 1003 435 1076 dictam
462 1023 535 1072 esse
562 1001 627 1074 ait.
665 1011 781 1102 nempe
815 1012 852 1073 ut
877 1001 1032 1089 lralrerct,
1061 1023 1125 1093 quo
1152 998 1190 1068 in
1212 997 1294 1068 mari
1320 997 1430 1068 collo·

184 1187 190 1200 ,
315 1128 391 1178 care
411 1104 579 1176 Atlantem
605 1112 731 1198 posset.
782 1102 830 1174 At
854 1127 920 1174 non
947 1125 966 1172 a
990 1096 1148 1190 κλύζειν,
1175 1098 1234 1170 sed
1261 1123 1281 1168 a
1305 1093 1429 1172 κλύειν

236 1293 238 1302 ¹
314 1215 463 1277 uocatam
490 1227 575 1292 esse,
602 1213 714 1300 aperte
740 1204 881 1275 nominis
907 1203 1011 1275 lorma
1036 1209 1209 1274 monstrat.
1259 1199 1344 1272 Num
1366 1201 1429 1271 etsi

315 1315 456 1402 cognata
481 1304 622 1377 fortasse
648 1313 725 1376 sunt
749 1299 873 1379 κλύειν
899 1312 933 1376 et
957 1299 1121 1392 κλύζειν,
1154 1310 1262 1374 tamen
1295 1323 1358 1372 usu
1382 1302 1429 1372 ita

294 1407 487 1486 ‚discedunt
512 1407 724 1497 laeetania,
752 1415 800 1496 ut,
828 1431 925 1504 quum
951 1400 1075 1480 κλύειν
1094 1405 1226 1487 desolo
1249 1403 1363 1474 andsto
1376 1402 1428 1473 dr

316 1517 428 1598 cetur,
462 1507 634 1579 formatum
661 1533 704 1580 ex
729 1533 770 1580 eo
797 1533 914 1582 nomen
940 1517 1005 1578 no'n
1032 1506 1150 1625 possit
1164 1505 1203 1576 ad
1232 1527 1346 1622 aquam
1374 1511 1429 1575 r'e·

314 1609 409 1700 ferri,
436 1634 510 1701 nec,
537 1611 566 1680 si
592 1619 705 1706 posset
731 1609 771 1680 ad
799 1633 927 1708 aquam,
955 1611 1110 1680 continno
1130 1608 1229 1679 etiam
1251 1606 1350 1677 maris
1376 1607 1428 1677 in-

316 1721 405 1786 esset
431 1711 655 1830 significatio.
696 1708 767 1784 Sed
793 1712 1010 1784 concedamus
1036 1712 1117 1781 laec
1142 1732 1272 1805 quoque
1299 1708 1425 1780 omnine
1455 1725 1462 1736 “

310 1808 351 1887 'at
375 1813 467 1886 nulla
491 1814 655 1885 ratione
644 1838 678 1884 ιιι
706 1837 745 1884 eo
773 1814 927 1908 assentiri
958 1813 1157 1910 poterimus,
1195 1809 1280 1906 qood
1308 1833 1352 1880 ex
1378 1809 1426 1880 λιιι

209 1975 216 1991 ,
317 1916 467 2010 colligit,
501 1915 603 1986 totius
628 1913 758 1985 fabulae
785 1915 869 1986 lano
895 1937 968 1986 esse
995 1912 1210 2003 sententiam,
1246 1920 1369 1982 motum
1394 1911 1426 1982 in

203 2053 205 2060 ¹
316 2024 407 2088 terra
432 2022 465 2086 ct
491 2024 612 2086 motum
645 2015 680 2084 in
711 2016 794 2086 mari
828 2039 1021 2110 procreasse
1053 2014 1147 2086 illum
1182 2013 1281 2084 animi
1308 2021 1426 2084 motum

219 2123 220 2130 ’
316 2114 350 2186 in
377 2113 552 2210 appetendi
577 2113 748 2185 facultate.
787 2114 889 2188 nam
922 2139 1028 2211 neque
1060 2115 1204 2211 intelligi
1236 2114 1319 2186 lraec
1350 2139 1428 2210 pos·

316 2224 405 2305 eunt,
432 2239 493 2286 neo
519 2239 614 2312 quem
640 2214 728 2287 dicat
752 2225 874 2288 motum
901 2216 1051 2314 apparel,
1079 2241 1175 2312 quom
1196 2216 1344 2288 Atlantis
1370 2239 1430 2288 na·

315 2327 421 2390 turam
455 2324 552 2412 atque
576 2316 720 2389 indolem
745 2318 856 2415 potius
887 2318 921 2390 in
948 2319 1154 2416 reprimendo
1182 2317 1428 2416 coercendoqoe

315 2427 407 2492 motu
432 2427 530 2513 atque
555 2419 758 2515 appetitione
785 2420 884 2491 animi
908 2421 1049 2516 positam
1077 2445 1150 2492 csse
1176 2420 1269 2492 velit.¹

417 2518 513 2638 Qood
540 2543 639 2617 snpra
658 2520 875 2611 dicebam,
865 2546 972 2618 ipsum
1006 2519 1070 2614 sibi
1104 2523 1210 2593 virum
1242 2519 1429 2592 eruditissi-

184 2665 190 2676 -
315 2640 402 2696 mom
428 2623 513 2694 riam
539 2632 628 2694 recte
654 2624 869 2720 explicandae
894 2623 1024 2696 fabulae
1050 2605 1291 2720 praeclusisse,
1324 2622 1428 2740 magis

315 2724 414 2796 etiarn
440 2715 612 2819 apparebit
637 2749 690 2815 eo,
718 2725 835 2844 quod,
846 2750 942 2822 quom
969 2725 1028 2800 illa
1055 2737 1138 2822 quac
1161 2725 1429 2798 commemoravi-

282 2819 286 2832 '
314 2849 388 2897 snus
414 2823 621 2897 fundamenta
645 2828 824 2920 posuisset,
851 2827 961 2898 induci
988 2851 1024 2898 se
1049 2851 1167 2922 passus
1189 2836 1252 2916 est,
1279 2835 1317 2897 ut
1334 2849 1429 2922 sper·

315 2934 410 2999 neret
441 2949 524 3020 qnae
558 2927 699 2998 omnium
733 2929 863 3000 minimo
895 2936 990 3000 erant
1014 2927 1211 3024 spernenda.
1263 2926 1408 2998 Nonu
1367 2951 1427 3023 ego
1478 3005 1481 3008 ,

310 3027 446 3123 quidem
479 3028 631 3098 renovari
658 3029 754 3100 velim
780 3029 863 3100 illud
889 3030 1007 3101 merito
1033 3053 1053 3098 a
1079 3029 1271 3146 quibusdam
1297 3030 1429 3124 vitupe-

292 3128 443 3220 oraton,
474 3127 608 3198 luodnm
635 3129 791 3224 cuiusque
817 3130 946 3203 fabulae
971 3130 1058 3225 apud
1084 3130 1345 3247 antiquissimam
1371 3154 1429 3201 au·

197 3286 201 3294 ,
317 3229 478 3306 ctorem
467 3228 625 3300 ruveniri·
659 3229 719 3301 sed
739 3239 847 3302 tamen
865 3232 1108 3327 antiquissimos
1126 3233 1245 3328 primo,
1263 3231 1428 3353 deinceps

318 3341 427 3404 autem
439 3331 510 3430 qui
534 3321 595 3403 λιιι
621 3333 751 3452 sequuti
777 3340 853 3406 sunt
879 3333 1058 3406 audiendos
1086 3344 1184 3430 puto,
1218 3333 1294 3429 qnia
1321 3334 1430 3406 oredi-

206 3460 212 3474 ι
293 3433 416 3507 λιλλίιι
443 3441 508 3523 est,
532 3451 598 3529 qno
625 3435 784 3507 vetustior
809 3435 854 3508 sit
863 3437 987 3531 testis,
1015 3460 1054 3508 eo
1081 3436 1296 3530 simpliciora,
1324 3459 1429 3532 eoque
1507 3475 1514 3488 ·

205 3538 210 3543 ’
317 3533 424 3608 minus
458 3543 514 3606 aut
549 3535 777 3608 additamentis
811 3523 993 3626 exornata,
1030 3547 1086 3609 aut
1120 3537 1430 3632 interpolationibus

321 3634 514 3725 deformata,
541 3645 602 3708 aut
622 3637 861 3733 interpretandi
878 3639 1047 3722 conatibus
1066 3646 1220 3734 corrupte
1235 3638 1335 3709 tradi.
1375 3637 1430 3710 De
1528 3675 1529 3678 ¹

320 3759 360 3808 eo
395 3736 492 3808 aliter
523 3746 667 3810 statuere
699 3738 883 3813 Hell'terum
916 3740 1025 3813 video.
1093 3740 1201 3833 Quum
1232 3739 1429 3830 Hesiodum,
1528 3747 1529 3830 ι

320 3837 440 3935 inquit,
466 3861 544 3914 vera
569 3840 697 3912 lalrulae
723 3843 1028 3938 sententia,=quam
1053 3841 1101 3914 ita
1125 3849 1275 3932 enarrat,
1308 3851 1345 3914 ut
1370 3865 1431 3938 per

313 3943 358 4012 'se
384 3947 498 4036 aperta
524 3940 581 4032 sit,
607 3967 672 4016 non
697 3967 836 4039 prorsus
849 3943 987 4016 latuisse
1005 3944 1165 4035 videatur,
1192 3942 1430 4016 Horrorem

277 4083 284 4096 ι
322 4040 420 4161 plapc
446 4066 513 4134 nou
537 4043 737 4122 intellectam
762 4043 864 4120 luisse
891 4067 1027 4118 necesse
1053 4055 1122 4118 est:
1156 4045 1238 4118 nilril
1265 4043 1352 4116 enim
1370 4044 1429 4116 ille

322 4144 389 4216 nisi
415 4152 583 4216 externam
608 4144 753 4241 speciem
770 4143 935 4238 cognitam
952 4146 1077 4237 habuit,
1102 4148 1293 4243 putavitque
1308 4146 1431 4218 Atlan-

323 4253 390 4316 tem
415 4243 591 4316 secundum
617 4244 759 4316 fabulam
790 4245 887 4317 istam
914 4247 968 4317 nel
994 4248 1154 4319 hominem
1180 4248 1233 4321 vel
1260 4246 1430 4344 quamdam

119 4341 124 4354 ⁸
181 4419 189 4433 ,
324 4343 448 4420 lumini
472 4345 612 4418 similem
638 4353 783 4418 naturam
811 4371 897 4438 esse,
924 4371 1007 4445 quae
1022 4356 1143 4420 terram
1163 4358 1196 4421 et
1214 4351 1338 4421 caelum
1355 4371 1431 4420 sus-

324 4445 463 4577 λλιιιιλι
499 4445 598 4541 idque
623 4447 662 4518 ei
693 4447 828 4540 mirum,
861 4449 1049 4547 singulare,
1081 4449 1227 4546 adeoque
1254 4449 1428 4522 absurdum
