3076 5046
297 381 348 442 DE
370 379 589 443 muudum
610 379 880 446 eunomiam
900 380 1052 444 uterus.
1165 378 1231 448 m

142 575 147 584 ·
239 547 439 644 φρονιῖτι
461 551 537 622 νῦν
557 545 713 642 αἰθέρος
736 541 969 674 ὑψηλότερον

127 689 137 698 -
234 645 367 742 “adp
364 643 543 746 μεγάλων
567 646 751 723 ordlwv'
731 643 911 748 αρούρας·
1000 743 1003 748 ¹

133 877 137 888 .
266 746 823 980 teutobodus
932 824 935 833 ⁴

268 947 409 1050 πρόσω
420 946 560 1082 βιοτὰν
579 949 870 1084 τεκμαιρόμενοι

128 1106 131 1115 -
267 1053 289 1127 t
315 1049 611 1153 δ’ἄμφιβιιιιτι
636 1051 827 1150 ταχύπουν
881 1101 883 1110 1

265 1152 447 1231 κέλευθον
471 1157 568 1284 ξργῳ
594 1157 759 1246 σκοτίαν,

268 1257 382 1354 ἄφνω
405 1257 444 1330 τ’·
469 1258 637 1387 ἄφαντος
665 1257 827 1355 προςὲβα
1230 1293 1234 1324 ε

136 1423 144 1434 ,
213 1405 216 1422 ›
267 1355 415 1488 μακρὰς
438 1355 715 1460 ἀφαιρούμενος
738 1357 888 1443 ἐλπίδας
911 1354 1073 1458 θανάτῳ
1181 1425 1183 1434 ι

147 1539 150 1550 ,
269 1455 512 1556 μοιύμοχθος
524 1459 702 1544 Ἀσιας
1165 1498 1171 1510 ·
1226 1525 1234 1536 .

114 1602 181 1682 καὶ
205 1605 253 1682 τᾶ
277 1605 424 1686 coccum
443 1590 576 1710 ἐφεξῆς
590 1605 746 1706 σύνειρε,
771 1605 894 1684 πάντα
909 1605 1000 1707 πρὸς
1014 1609 1083 1707 τὴν
1099 1606 1235 1708 ὁμοίαν

115 1705 306 1810 φερόμενα
332 1707 515 1788 διάνοιαν.
567 1711 629 1786 Sic
662 1713 799 1812 stropha
823 1707 883 1783 illa'
907 1712 1081 1784 maximam
1106 1723 1234 1810 partem

115 1811 339 1887 choriambico
365 1813 539 1890 scribenda
564 1813 654 1886 ridet
640 1823 706 1887 t.ur
748 1813 867 1912 Igitur
893 1839 932 1886 eo
953 1821 1146 1910 perventum
1168 1823 1232 1904 est,

114 1924 174 2006 ut,
210 1917 363 2012 quoniam
388 1941 494 2014 neque
520 1917 651 1989 aliunde
684 1939 790 2014 neque
816 1941 859 1988 ex
884 1915 1025 2034 inscript
1011 1915 1154 1987 tionibus
1179 1916 1235 1986 ul'-

114 2016 184 2086 lum
211 2017 353 2115 prolerri
378 2019 549 2136 probabile
575 2019 795 2090 testimonium
821 2042 864 2114 po
866 2019 948 2108 tuit,
975 2017 1079 2112 lyrica
1104 2028 1138 2089 et
1163 2030 1234 2088 tra·

116 2118 238 2218 goedia
264 2129 298 2192 et
323 2116 493 2193 comoedia
517 2119 599 2192 illuc
624 2120 825 2218 ablegandae
851 2120 1035 2212 videantur,
1063 2144 1126 2218 quo
1154 2118 1232 2192 olim

116 2219 200 2292 abiit
225 2219 336 2316 drama
362 2223 711 2318 comicosaty'ricum.

219 2371 384 2445 Videmur
415 2397 486 2444 rem
518 2373 733 2468 profligasse·
770 2331 804 2444 at
829 2372 972 2446 nondum
1004 2379 1113 2444 tamen
1137 2371 1244 2446 nobis

118 2473 223 2545 otium
248 2473 369 2546 fectum
396 2482 459 2548 est.
510 2473 701 2546 Verendum
736 2481 787 2544 eat
813 2475 899 2556 enim
924 2498 966 2544 ne
992 2475 1066 2568 quis
1089 2497 1152 2546 uos
1178 2495 1235 2544 re·

117 2576 232 2672 captui
258 2598 376 2646 canere
401 2575 548 2646 iubeat
536 2598 612 2670 apso
636 2575 671 2644 in
697 2581 909 2690 conspectum
935 2573 1076 2644 adducta
1100 2567 1286 2645 nonnae-Q

22 2721 24 2728 ·
118 2675 176 2748 dio
200 2677 319 2770 lyrica.
357 2674 496 2746 Nam
485 2701 521 2746 ιιι
552 2697 704 2746 uasorum
736 2673 876 2770 picturis
908 2681 1041 2768 reporta
1074 2681 1125 2744 est
1157 2695 1237 2762 urna,

80 2777 483 2974 '‘tdtdltltll
496 2774 1237 2973 ”lllllttt'‘llnlffilthttltl
1376 2777 1378 2784 ¹

932 2928 943 2966 ‚
1129 2939 1130 2942 ,

118 2979 274 3056 cambus
299 2990 531 3077 postremoque
545 2977 731 3071 Vulcanus,
758 2980 851 3054 ambo
874 2979 969 3052 ebrii.
1019 2976 1238 3052 illustrarunt

118 3081 206 3154 banc
230 3083 397 3178 picturam·
410 3082 564 3154 Millinus
587 3082 623 3152 in
636 3080 783 3154 Picturis
810 3105 958 3154 vasorum
980 3081 1048 3154 rol.
1062 3077 1096 3150 Ι.
1120 3103 1154 3174 p.
1173 3079 1237 3154 19..

120 3207 216 3280 seqq
242 3185 312 3260 tab.
336 3181 420 3255 IX.-
442 3194 477 3256 et
501 3183 733 3278 Millingenius
767 3184 802 3256 in
828 3182 975 3256 Picturis
997 3205 1149 3260 rasorum
1173 3203 1237 3254 au-
1320 3244 1325 3259 ,

120 3284 224 3380 liquis
259 3309 295 3382 p.
322 3289 360 3359 8.
392 3309 486 3381 seqq.
518 3286 587 3356 tob.
621 3282 689 3355 vl.
721 3293 981 3380 monueruntque
1014 3283 1056 3356 ad
1089 3281 1236 3356 Vulcani
1337 3285 1340 3296 '

121 3409 197 3460 cum
223 3385 352 3458 Iunone
376 3387 678 3484 reeqnciliationem
698 3386 877 3481 pertinere,
904 3386 946 3456 de
959 3407 1025 3480 qua
1038 3384 1124 3460 dixit
1137 3384 1238 3456 alian

121 3488 285 3606 picturam
319 3487 508 3560 describens
540 3485 723 3560 Pausanias
756 3485 789 3557 Ι.
822 3489 884 3577 20,
921 3489 958 3559 3.
1024 3483 1237 3566 Gomoediam

121 3589 238 3686 igitur,
266 3611 350 3686 quae
375 3589 418 3660 in
435 3589 501 3660 isto
528 3589 660 3662 rusculo
686 3589 776 3682 picta
795 3597 860 3678 est,
886 3587 991 3682 ipsam
1010 3611 1083 3658 esse
1099 3587 1236 3680 lyricam

11 3729 12 3738 ι
124 3691 326 3764 commediam
352 3687 662 3787 pronunciabatO.
686 3687 895 3760 Mtillerus
884 3703 920 3760 ιιι
945 3687 1082 3761 Notitiis
1106 3688 1239 3760 littera·
1280 3775 1284 3786 ,
1318 3671 1325 3692 ’

123 3793 183 3865 riis
211 3791 357 3890 Gotting
357 3793 547 3864 ensibusa
576 3793 687 3864 1821.
713 3815 748 3862 n.
776 3793 862 3866 106.
893 3813 998 3885 neque
1031 3790 1128 3862 aliter
1159 3813 1238 3862 sen·

124 3895 247 3986 tiebat,
280 3903 318 3967 ut
343 3893 493 3984 ridetur,
529 3889 777 3985 Welokequs
766 3915 802 3964 m
833 3891 1027 3988 Appendioe
1060 3890 1238 3988 Trilugiae

11 4031 12 4044 ι
125 4020 161 4092 p.
187 4000 275 4072 301
310 3995 353 4070 In
387 3995 609 4068 Doriensibus
642 4003 750 4082 autem
784 3995 850 4066 rol.
881 3990 935 4063 Π.
967 4018 1002 4090 p.
1028 3995 1116 4069 356
1152 3993 1238 4064 banc

125 4099 299 4194 picturam,
326 4100 416 4172 sicut
440 4097 522 4167 alias
548 4111 614 4168 non
638 4119 773 4194 paucas,
800 4117 931 4168 scenam
957 4094 1126 4191 quamdam
1150 4093 1239 4190 Epi-

128 4199 265 4296 cbarmi,
291 4207 338 4272 et
350 4197 482 4298 quidem
508 4221 551 4270 ex
577 4221 616 4269 ea
641 4198 821 4286 comoedia,
849 4197 903 4270 oui
927 4221 1045 4270 nomen
1070 4196 1133 4268 luit
1152 4200 1238 4266 Κιο-

129 4300 269 4394 μαστοὶ
291 4331 314 4394 η
296 4299 543 4418 Ἥφαιστος,
567 4307 816 4397 repraesentare
840 4299 922 4370 ridit
936 4297 1115 4372 Mouerus.
1164 4293 1238 4364 Ita-
1283 4349 1284 4352 ,

117 4425 193 4496 que
218 4403 345 4496 licebit,
371 4402 487 4495 endo,
512 4403 609 4475 istam
627 4425 693 4474 uon
710 4401 831 4495 lyricae
849 4399 1017 4474 cuiusdam
1035 4395 1238 4490 comoediae,
