3076 5046
25 351 27 360 ¹
103 375 106 384 =
222 443 227 446 -
336 362 386 420 au
408 347 625 424 ιἰιιοοιιιιιι
647 363 915 431 cououumoou
936 366 1083 428 ιιιιοι.
1196 311 1260 434 ala

140 552 211 604 uon
235 521 432 636 ἷίιιιιιιιιιίοιι,
457 527 538 620 aad,
574 531 703 628 qualem
727 531 898 604 exstitisse
922 532 1065 606 noudum
1091 539 1258 608 ostensum

136 627 208 722 est,
235 621 342 725 lyrica
369 629 470 703 fuisse
496 580 680 704 odnseatur.
828 675 831 688 ·

243 731 351 807 Addit
372 731 425 806 luis
439 732 644 824 Boeokhius‚
671 733 806 806 minoris
822 731 1037 830 Empedoulis
1063 733 1255 830 tragoedias

135 837 252 906 utrum
288 857 332 907 ex
362 832 423 906 isso
447 833 661 907 Doriensium
693 835 797 931 lyrico
830 859 951 932 genera
984 859 1027 908 an
1059 835 1256 910 dramatiuaa

134 935 281 1026 fuerim,
308 959 344 1006 se
370 934 404 1006 iu
430 935 528 1007 dubio
554 937 753 1034 relinquare.
804 935 964 1008 Nimirum
991 935 1048 1008 de
1057 937 1110 1008 his
1125 935 1257 1055 Dioge-

133 1059 198 1108 nes
228 1035 396 1108 Laertius
422 1036 529 1108 VIII.
556 1040 617 1112 58
652 1064 693 1111 ex
728 1039 921 1110 Aristotelis
955 1037 1040 1110 libro
1074 1038 1115 1111 do
1147 1037 1255 1134 poetis

133 1138 223 1214 haee
251 1139 375 1210 refert:
410 1134 578 1212 καθόλου
610 1137 656 1214 δί
684 1162 775 1238 φησι
807 1139 870 1213 καὶ
901 1137 1113 1241 τραγῳδίας
1139 1137 1256 1213 adum

131 1234 290 1360 γράψαι
313 1236 376 1312 καὶ
401 1237 577 1314 πολιτικοί.
630 1241 723 1336 (Ηιιο
747 1265 851 1338 usqua
877 1243 989 1314 eadam
1014 1241 1113 1316 habet
1137 1239 1258 1314 Eudo·

133 1343 387 1439 disp-170)
435 1339 670 1438 Ἡρακλείδης
702 1341 793 1416 ds
776 1350 889 1418 οτοῦ
915 1339 1199 1440 Σιροίπίιουοςῑ
1180 1340 1256 1415 ετί
1292 1343 1296 1352 ’
1368 1397 1371 1408 .

131 1469 207 1568 ρου
237 1440 353 1540 φησὶν
379 1441 473 1517 εἶναι
496 1441 563 1525 τὰς
587 1441 808 1544 τραγῳδίας.
850 1441 1065 1540 Ἱερώνυμος
1081 1443 1125 1519 δι’
1140 1466 1255 1572 φησιν

131 1541 261 1620 αὑτὸν
239 1541 382 1718 &sosoi
405 1542 469 1618 καὶ
493 1548 805 1640 τετταράκοντα
789 1545 1073 1642 ευτιτυχηκίναι.
1133 1541 1253 1620 Νεοίν

129 1642 282 1740 θηςδό
307 1643 392 1720 κίον
418 1645 508 1718 ὄντα
513 1646 757 1819 ἐγιγραῳόκαι
781 1645 848 1728 τὰς
872 1644 1083 1748 τραγῳδίας
1104 1646 1167 1720 καὶ
1183 1646 1253 1721 αῦ-

129 1744 205 1821 τὸυ
224 1745 348 1820 ἔπειτα
366 1746 530 1830 assatas
531 1746 808 1842 κτετυχηκίυαιι
836 1773 972 1844 quorum
992 1757 1159 1844 postrema
1174 1773 1253 1820 cor-

128 1856 237 1968 rupta
263 1849 427 1922 ridentur.
485 1849 557 1920 Has
583 1849 714 1945 quidem
738 1875 804 1921 nou
828 1858 940 1946 potest
957 1850 1100 1922 dubitari
1122 1849 1253 1921 drama·

129 1951 221 2022 tinas
248 1949 364 2042 fuisse,
391 1975 488 2047 quum
512 1952 576 2022 iste
591 1950 812 2047 Empedocles
838 1951 960 2023 diserte
985 1951 1133 2047 tragicus
1151 1975 1252 2025 voe&

129 2059 188 2124 tur
215 2075 237 2123 a
263 2049 387 2124 Suida:
412 2050 669 2148 Ἐμπεδοκλῆς,
694 2051 951 2153 θυγατριδοῦς
972 2060 1042 2128 τοῦ
1057 2051 1249 2153 προτέρου,

129 2148 319 2254 τραγικός.
369 2151 576 2254 τραγῳδίαι
601 2154 717 2228 αὐτοῦ
742 2150 810 2229 κδ’.

238 2253 362 2328 Statim
394 2257 446 2328 his
478 2257 611 2328 subiicit
642 2256 853 2347 aasentias,
889 2257 1093 2328 inventorem
1125 2255 1249 2350 lyrieao

129 2357 328 2454 tngoediae
354 2356 497 2428 habitum
525 2357 629 2427 videri
641 2357 812 2447 Arionem,
839 2364 876 2427 ut
898 2382 954 2453 qur
943 2354 1147 2458 ’τραγικὸν
1164 2352 1251 2452 sod⁴

129 2485 205 2534 πον
231 2457 458 2529 introduxisse
484 2457 624 2548 dicatur,
650 2459 730 2529 lieet
754 2457 868 2528 idem
857 2480 921 2527 uam
939 2465 1067 2551 satyros
1091 2465 1129 2528 ut
1145 2480 1249 2552 agen-
1367 2533 1369 2540 ,

129 2570 184 2632 tas
211 2555 357 2654 aliquid
366 2559 467 2629 choro
501 2559 650 2629 tradatur
675 2557 853 2628 addidisse.
913 2556 1013 2628 Patet
1037 2557 1092 2628 hie
1117 2581 1247 2652 qnoque

129 2661 220 2733 sumi
246 2659 349 2730 fuisse
375 2660 515 2775 aliquam
541 2659 678 2752 lyricam
704 2649 927 2753 tragoediam,
964 2667 997 2728 ut
1029 2659 1077 2728 ita
1103 2657 1246 2752 quidem,

128 2770 182 2851 ut,
210 2760 242 2834 si
269 2758 458 2854 tragoediae
484 2759 635 2831 inventor
661 2767 750 2830 esset
766 2759 883 2848 Arion,
911 2758 1108 2830 dramatioaa
1135 2758 1246 2852 potius

129 2885 232 2960 quam
258 2860 397 2932 alieuius
424 2861 544 2956 lyricae
570 2861 722 2932 inventor
747 2859 850 2931 videri
867 2859 1013 2932 deberet.
1065 2857 1246 2932 Videamus

128 2989 211 3037 vero
240 2963 337 3035 huius
371 2986 500 3059 quoque
528 2963 578 3034 roi
604 2971 769 3035 auctores
820 2960 943 3034 Suidas
969 2965 1067 3058 atquo
1093 2960 1246 3056 Eudoeia

128 3092 165 3166 p
192 3069 259 3142 68.
285 3065 449 3137 scribunt:
482 3063 709 3193 λέγεταικαὶ
732 3071 910 3190 τραγικοῦ
935 3059 1139 3192 τρόπον’
1100 3061 1247 3159 ιυριτὴς

128 3166 309 3295 γενέσθαι
341 3164 404 3240 καὶ
434 3173 578 3260 πρῶτος
607 3164 724 3261 χορὸν
749 3173 881 3261 στησαι
911 3193 975 3240 και
963 3160 1246 3293 διθύραμβον
1334 3199 1367 3234 .-

38 3305 44 3326 a
129 3263 226 3396 ᾆσαι
246 3296 309 3342 και
335 3263 519 3360 όνομασαι
550 3267 593 3341 τὸ
627 3265 812 3363 ᾀδόμενον
842 3266 916 3342 ὑπὸ
941 3273 1012 3342 τοῦ
1038 3272 1156 3364 χοροῦ
1180 3263 1244 3340 καὶ

129 3366 317 3468 σατύρους
342 3369 596 3468 ιλςεκιγκιῖν”
574 3395 736 3462 ιμμετρα
761 3367 942 3468 λέγοντας.
1000 3365 1042 3440 si
1066 3367 1120 3440 Io.
1148 3367 1244 3440 Tue-

129 3480 206 3546 tzae
240 3471 432 3543 reeordatus
466 3478 554 3541 assat
585 3469 796 3560 Boeokhius,
834 3470 1000 3542 attulisset
1025 3470 1123 3541 otiam
1156 3455 1267 3568 quaa?

128 3574 212 3646 hie
201 3599 239 3645 ιιι
259 3564 504 3668 prolegomenis
526 3568 880 3642 commentariorumL
883 3571 1133 3666 yoophrouisp.
1152 3573 1242 3648 256
1329 3628 1331 3638 .
1361 3565 1365 3580 '

130 3675 185 3747 ed.
201 3673 305 3746 Miill.
331 3673 484 3764 scripsit.
516 3697 684 3772 τραγικοι
672 3667 740 3742 δι
757 3669 906 3766 maamad
921 3668 1069 3768 Animo,
1098 3670 1243 3762 θέσπις,

131 3771 342 3872 Φρύνιχος,
381 3768 584 3868 Αἰσχύλος,
631 3779 847 3868 Σοφοκλῆς,
890 3771 1110 3869 Εὐριπίδης,
1141 3773 1243 3863 Ἴων,

125 3873 290 3996 Ἆγαιός,
322 3873 385 3950 καὶ
410 3875 524 3974 ι’τεροι
548 3869 674 3972 μόριοι
698 3872 783 3948 κίοι.
835 3875 1001 3948 Taetrum
1022 3884 1148 3968 tamen,
1175 3878 1243 3949 ho-
1279 3891 1282 3907 '

130 3979 497 4069 armentosissima,
532 4002 626 4049 nemo
658 3977 786 4073 putabit
817 3977 971 4049 idoneum
1000 3986 1117 4050 testem
1149 4001 1242 4070 essu,

130 4083 325 4178 praesertim
351 4105 448 4177 quum
473 4080 547 4176 ipsa
571 4080 630 4150 illa
654 4085 832 4196 τραγικοῦ
846 4072 989 4175 τρόπου·
997 4080 1142 4153 inventio
1162 4105 1237 4152 euru
1342 4105 1344 4112 ’

132 4182 309 4254 adduxisse
348 4184 515 4274 videatur,
561 4191 596 4253 ut
631 4182 767 4276 tragicis
807 4181 1033 4256 adnumeraret
1063 4181 1236 4256 Arionem.

130 4279 298 4354 Plurimus
322 4279 481 4379 τρόπους
510 4283 545 4354 in
569 4284 655 4355 libro
682 4284 722 4352 de
747 4283 871 4378 musica
896 4290 1126 4357 commemorat
1150 4281 1240 4352 Plu
1300 4286 1310 4300 '

133 4384 279 4476 tarelrus,
308 4385 367 4456 sed
392 4387 448 4483 qui
473 4385 517 4462 sit
540 4386 600 4458 illa
623 4382 795 4484 τραγικὸς
818 4380 972 4484 τρόπος,
1006 4407 1102 4480 quam
1126 4382 1234 4480 Vatrr
