3084 5050
385 299 388 308 ’
445 337 495 398 nn
517 337 663 421 orricio
684 335 942 436 mrumnnrs.
1185 337 1249 404 ros

129 495 248 572 redire
272 499 315 572 ad
341 501 475 595 omisso,
502 510 558 587 ant
581 503 701 576 iterare
728 510 762 576 et
781 510 947 600 repetere,
973 525 1056 600 quae
1076 502 1140 576 iam
1158 504 1247 578 dieta

129 609 249 674 arante
288 627 351 700 qno
379 603 589 676 confunditur
620 607 670 678 ct*
685 605 895 704 perturbatur
914 606 956 688 ¹‚is
990 605 1046 702 qni
1078 605 1169 677 audit
1193 607 1248 678 le-

128 704 236 800 gitve,
266 713 317 795 nt,
343 706 471 776 etiarnsi
496 706 665 778 uerissima
681 706 820 796 dixeris,
847 713 904 778 aut
927 702 1013 778 falsa
1038 706 1163 780 dixisse
1189 697 1270 783 iri-8

126 805 246 897 dearc,
276 813 333 878 ant
356 807 553 904 intelligaris
579 831 679 904 aegre
705 817 739 880 et
763 807 954 881 difficulter.

233 921 393 995 Maxime
414 949 492 997 roro
519 926 616 998 etiam
641 923 845 1022 simplicitati
871 949 1004 1022 operam
1029 925 1107 998 darc
1122 951 1245 998 conre-

16 1115 17 1124 ἵ
128 1024 199 1114 nit,
221 1049 303 1098 ‘noo
331 1027 439 1110 solnm
469 1028 673 1100 indicendo
701 1028 958 1124 scribendoque,
995 1026 1054 1099 sed
1086 1028 1184 1099 etiam
1208 1028 1244 1099 in

126 1125 408 1223 interpretatione
431 1129 518 1219 ipsa.
568 1127 652 1200 Nam
674 1153 772 1225 quum
790 1129 825 1210 id
847 1129 984 1201 velimus
996 1128 1246 1226 interpretando

128 1226 292 1319 efficere,
317 1238 354 1300 nt
378 1229 412 1300 id
437 1231 544 1327 ipsum
570 1230 657 1327 quod
683 1231 817 1326 scripsit
841 1232 1003 1327 scriptor,
1039 1253 1144 1327 eoque
1169 1231 1243 1328 ipso

127 1329 231 1400 modo
259 1330 465 1427 intelligatur
489 1357 553 1429 quo
584 1333 773 1405 ille-voluit
796 1333 960 1429 intelligi:
993 1333 1177 1405 certissima
1202 1331 1244 1404 ad
1356 1407 1361 1416 ,

127 1429 163 1499 id
190 1432 459 1527 consequendum
479 1457 519 1505 ea
535 1433 589 1504 ria
609 1440 673 1525 est,
700 1457 782 1529 qnae
798 1443 849 1506 est
863 1427 1068 1530 planissima,
1093 1439 1141 1525 et,
1168 1434 1244 1530 qnia

127 1539 226 1603 recte
261 1534 462 1629 porrigitur,
497 1534 704 1606 brevissima.
721 1523 830 1626 [Quo
865 1536 900 1606 in
933 1543 1054 1630 genere
1087 1536 1270 1632 amalus,

105 1629 270 1728 ‘peccari
297 1634 454 1724 videmus,
480 1659 617 1731 qnorum
641 1636 804 1726 nonnulli,
829 1636 930 1706 nimio
955 1636 1146 1706 subtilitatis
1172 1634 1272 1707 strat

128 1733 188 1804 dio
216 1757 284 1806 non
309 1737 455 1808 contenti
481 1744 558 1808 sont
583 1760 636 1827 eo,
664 1736 750 1832 qnod
776 1737 886 1808 statim
913 1737 1028 1833 cuique
1054 1735 1089 1807 in
1105 1743 1245 1808 mentem
1271 1722 1282 1831 'p

129 1835 267 1925 veniet,
298 1837 358 1908 sod
383 1861 513 1935 semper
538 1838 662 1934 aliquid
686 1839 827 1936 amplius
853 1845 887 1909 et
912 1838 1016 1934 magis
1041 1836 1245 1910 reconditum
1272 1881 1298 1911 ,ι

130 1943 316 2040 quaerunt:
350 1963 432 2033 qnae
457 1949 510 2031 est
534 1940 733 2036 perversitas
761 1939 918 2036 quaedam
939 1939 1054 2011 iudicii
1071 1948 1169 2035 atque
1185 1937 1245 2010 de-

130 2037 268 2130 bilitas,
303 2040 406 2112 aciem
431 2042 548 2116 mentis
574 2043 609 2113 in
635 2041 768 2114 minutis
794 2041 959 2138 deligens,
986 2042 1111 2114 maiora
1136 2048 1244 2114 aurem
1271 2032 1280 2123 ,ι’
1345 2070 1348 2088 ·

131 2148 174 2210 et«
190 2165 235 2210 ea
265 2141 450 2237 inquibus
484 2144 582 2216 cardo
616 2143 666 2214 rei
699 2144 839 2222 vortitur
869 2168 936 2216 non
962 2142 1244 2234 animadvertens3
1260 2148 1295 2215 ‚²¹

131 2241 192 2312 alii
226 2265 312 2314 vero-v
333 2244 539 2339 opinionibus
574 2245 764 2342 quibusdam
798 2252 832 2317 et
856 2246 1076 2341 propensione
1102 2243 1144 2314 od
1170 2269 1254 2316 cer-¹

130 2349 185 2414 tas
212 2368 268 2415 res
294 2347 404 2439 capti,
440 2368 496 2416 cas
529 2369 583 2418 res
608 2347 727 2441 ubique
752 2347 906 2445 ingerunt
930 2355 1029 2441 etque
1055 2344 1247 2436 obtrudunt,

131 2452 171 2516 ut
197 2469 243 2516 ex
269 2446 384 2540 quibus
409 2447 621 2542 praecipuum
647 2446 808 2541 quoddam
834 2447 942 2517 lumen
969 2448 1013 2518 sit
1030 2445 1245 2540 sperandum:

133 2547 225 2640 quod
258 2543 383 2616 iaciunt
414 2547 512 2616 hodie
544 2547 597 2617 illi
627 2547 854 2640 potissimum,
896 2547 951 2640 qui
984 2545 1247 2638 arebaeologiarn

55 2697 57 2706 ·
133 2669 235 2742 quem
260 2647 379 2718 vocant
401 2646 550 2740 cupidius
576 2646 733 2740 amplexi,
760 2645 855 2715 modo
883 2668 934 2733 oa,
961 2665 1043 2739 quae
1068 2644 1188 2737 ubique
1213 2652 1248 2713 et

94 2775 96 2780 ’
134 2746 400 2841 omnitempore
426 2747 528 2837 finnt,
559 2747 598 2817 ab
625 2746 767 2842 antiquis
792 2746 981 2846 quibusdam
1008 2743 1167 2844 institutis
1192 2767 1249 2814 re·
1314 2841 1319 2846 .

132 2856 275 2945 petunt,
308 2848 406 2920 modo
432 2871 514 2944 quae
538 2871 710 2944 numquam
738 2855 771 2920 et
796 2871 953 2943 nosquam
979 2847 1067 2918 laete
1092 2854 1168 2918 sunt
1192 2853 1249 2918 ant
1279 2915 1282 2939 ί
1361 2860 1369 2870 “

119 2957 318 3046 ,potuerant
350 2948 443 3040 lieri,
476 2951 543 3046 ipsi
576 2949 808 3068 confingunt(
841 2949 992 3045 Denique
1026 2955 1103 3020 sunt
1135 2948 1247 3038 etiam,
1280 2984 1284 3043 2

136 3054 196 3148 qni
222 3051 309 3147 quod
335 3075 399 3123 non
424 3053 506 3124 satis
522 3048 934 3150 ¹cognorerunt'mgcninm
951 3050 1168 3146 antiquitatis,
1195 3049 1250 3122 sui
1282 3058 1286 3089 ¹

137 3154 244 3226 seculi
269 3154 462 3248 sapientiem
493 3155 529 3225 in
554 3163 684 3226 veteres
709 3155 889 3251 scriptores
915 3152 1078 3242 inierunt,
1113 3175 1249 3247 eamque
1283 3100 1288 3201 l

138 3255 261 3328 deinde
282 3255 416 3350 antiqua
441 3265 532 3327 reste
557 3256 702 3326 indutam
719 3277 848 3327 rnrsnm
865 3255 908 3325 'in
920 3255 1028 3326 lucem
1048 3253 1263 3349 producunt,'
1355 3320 1360 3328 ,

137 3357 327 3446 miraberis,
362 3357 391 3426 si
416 3357 524 3428 redire
558 3357 599 3426 ab
632 3355 746 3426 inieris
774 3356 992 3445 concedatur,
1032 3355 1152 3450 priscis
1178 3345 1248 3424 illis

93 3471 96 3477 “
139 3457 257 3530 animis
282 3458 426 3538 maiores
443 3479 519 3529 sues
540 3479 636 3552 quam
652 3455 825 3553 Euphorbi
846 3453 1118 3552 ianthagoram
1138 3462 1249 3528 trans·

139 3559 368 3658 figurationes.
481 3602 482 3606 =

240 3693 415 3766 Postremo
448 3692 545 3789 quom
578 3691 762 3788 exigimus,
801 3696 839 3760 ut
864 3691 961 3763 etiam
994 3697 1069 3787 apte
1103 3690 1249 3788 explicet

141 3796 326 3893 interpres,
359 3796 423 3866 boo
446 3796 615 3886 uolumus,
656 3802 694 3864 nt
724 3793 782 3863 ille
808 3816 847 3863 eo
882 3789 1004 3888 genere
1028 3792 1248 3890 expositionis
1330 3811 1334 3815 ·

141 3907 263 3989 utatur,
291 3895 377 3993 qnod
402 3895 453 3967 rei
474 3897 594 3993 'cuique
622 3893 899 3968 accommodatum
925 3901 975 3966 est
991 3895 1038 3992 ⁴).
1088 3890 1130 3964 Id
1156 3917 1249 3972 eom-

226 4199 256 4284 4)
285 4204 338 4262 His
358 4179 443 4263 verbis
464 4203 527 4262 nibil
549 4205 671 4280 explicari
691 4207 805 4279 queritur
816 4181 1043 4280 Boeclrhisnsssed
1062 4202 1182 4278 cognosci
1204 4197 1247 4256 de·

143 4291 209 4359 bare,
230 4287 395 4366 quidldicere
414 4289 547 4358 voluerim,
568 4308 601 4346 ex
621 4289 754 4364 exemplis.
796 4289 838 4346 lta
859 4303 912 4346 est:
938 4288 1056 4346 nolebam
1076 4290 1142 4342 enim
1159 4286 1247 4358 signa·

144 4379 195 4432 tius
215 4381 305 4434 neure
325 4391 384 4444 eos,
410 4375 454 4451 qui
479 4373 521 4431 rel
541 4393 606 4453 euge
631 4375 724 4450 ubique
746 4372 917 4442 clamitarent,
942 4368 989 4428 vel
1004 4373 1091 4428 moeni
1112 4365 1246 4425 cuiusdam
