3086 5050
310 367 379 440 Μ
585 367 899 432 unumunurn)
922 365 1147 430 obtltttuot.
1279 419 1284 430 Ι

312 556 449 612 mussas
472 557 555 634 quas
580 533 653 608 dixi
677 532 832 632 oppidum
848 557 911 606 neo
928 555 989 630 per
1005 539 1107 606 totam
1119 529 1328 606 latitudinem
1344 529 1427 630 luip-

314 636 466 736 podromi
490 644 662 710 exmnsunr
693 659 797 732 nequa
831 635 961 731 oblique
994 635 1137 732 positum
1163 657 1238 706 ease
1251 633 1425 708 medibile

262 761 264 770 ¹
314 741 372 830 sit,
397 749 465 814 tam
489 740 631 835 simplex
655 746 690 810 et
714 739 814 834 plana
837 744 890 810 est
915 759 955 808 ea
979 738 1078 826 rotio,
1104 758 1201 832 quam
1227 734 1425 808 Vincentius
1529 747 1530 830 1

313 841 463 938 aperuit,
497 849 555 932 ut,
587 840 618 912 si
648 839 867 936 aperpauois
899 838 1113 930 discesseris,
1145 837 1228 908 nihil
1251 838 1285 908 in
1309 860 1351 908 ea
1379 837 1427 912 sit

314 941 403 1039 quod
421 967 491 1015 nou
517 965 641 1014 summa
661 940 812 1014 rideatur
835 939 1066 1037 probabilitate
1086 938 1317 1012 commendari.
1368 938 1427 1012 Ac

312 1045 451 1142 primum
485 1042 614 1138 quidem
654 1065 718 1139 qua
748 1043 876 1116 ratione
908 1040 1060 1115 dextrum
1092 1042 1180 1114 latus
1212 1039 1426 1137 hippodromi

170 1191 175 1204 =
312 1145 446 1242 longius
471 1145 571 1218 luerit
595 1152 733 1241 apparet
757 1144 960 1240 planissime,
986 1143 1098 1218 addito
1112 1143 1155 1214 ad
1167 1142 1250 1216 illud
1265 1142 1424 1238 spatium,

312 1247 349 1320 in
380 1269 446 1343 quo
478 1255 555 1320 sunt
579 1246 755 1320 amfractus
780 1244 824 1317 ad
848 1257 972 1336 metas,
1002 1235 1046 1318 ‘in
1077 1245 1196 1318 dextra
1226 1253 1321 1340 parte
1354 1243 1424 1316 alio

314 1349 435 1446 spatio,
462 1347 549 1445 quod
573 1347 714 1420 medium
739 1355 828 1420 esset
852 1347 940 1420 iuter
959 1347 1070 1420 locum
1083 1346 1253 1420 certamini
1273 1344 1424 1418 destina-

313 1457 383 1523 tum
415 1457 449 1523 et
480 1473 630 1524 muneres
663 1474 707 1522 ex
739 1449 856 1544 quibus
888 1456 1132 1522 excurreretur.
1181 1446 1314 1519 Deinde
1338 1446 1423 1520 illud
1530 1488 1531 1548 q

314 1575 443 1648 quoqne
468 1551 588 1624 factum
615 1551 745 1625 videtur
768 1551 965 1642 rectissime,
991 1549 1077 1646 quod
1103 1563 1253 1622 carceres
1274 1571 1423 1644 quaeque

277 1695 280 1704 =
313 1654 354 1725 ab
379 1654 423 1726 iis
449 1654 651 1749 contingitur
674 1653 822 1750 porticus
846 1652 995 1749 Agnopti
1026 1653 1061 1726 in
1087 1651 1160 1724 solo
1185 1651 1246 1722 illo
1271 1650 1424 1746 proiectu

313 1754 424 1828 dextri
449 1755 565 1828 lateris
591 1763 667 1828 sunt
691 1754 875 1827 constituti.
926 1753 1034 1828 Porro
1060 1753 1189 1850 ponitus
1214 1760 1267 1825 est
1291 1775 1313 1822 a
1336 1750 1434 1824 Vin·

311 1857 425 1930 contio
451 1879 587 1948 cuneus,
613 1881 708 1952 quem
733 1879 866 1953 proram
891 1863 988 1930 uocat
1008 1855 1204 1945 Pausanias,
1229 1854 1290 1945 ita,
1317 1860 1367 1944 ut,
1394 1854 1423 1926 si
1530 1919 1531 1926 ,

314 1958 355 2028 ab
381 1966 491 2030 rostro
516 1967 609 2032 recta
632 1960 720 2030 linea
746 1958 896 2049 dueatur,
923 1981 963 2032 ea
989 1958 1075 2030 linea
1092 1957 1194 2030 totius
1215 1954 1423 2029 latitudinem
1530 1973 1531 2066 p

235 2079 240 2110 ¹
265 2055 424 2130 ltldaxtri
449 2059 564 2132 lateris
590 2058 798 2154 hippodromi
822 2059 857 2130 in
884 2059 964 2130 duaa
984 2060 1137 2155 aequales
1157 2066 1269 2154 portes
1284 2055 1422 2148 diuidat,
1530 2069 1531 2078 ’

205 2157 209 2170 “
311 2158 523 2256 Agnaptique
548 2161 696 2256 porticus
722 2183 795 2232 cum
821 2161 968 2256 margine
986 2161 1077 2233 illius
1100 2159 1209 2232 dextri
1226 2159 1339 2232 lateris
1363 2181 1423 2230 re-

313 2271 400 2334 ctum
426 2261 580 2356 ungulum
607 2260 724 2336 saciat:
758 2285 826 2357 quo
849 2285 954 2357 neque
980 2261 1155 2359 adspectus
1180 2284 1301 2357 prorae
1325 2260 1424 2357 quid·

313 2385 409 2458 quam
434 2362 539 2459 inepti
564 2363 722 2454 babebat,
748 2371 783 2437 et
804 2362 1012 2456 afficiebatur
1035 2363 1131 2454 illud,
1158 2362 1246 2460 quod
1271 2363 1423 2436 uoluerat

312 2461 495 2557 (lleoctas,¹
508 2473 545 2540 ut
570 2489 695 2536 sumina
720 2489 794 2538 cmo
819 2466 983 2562 aequitate
1004 2465 1185 2562 agitatores
1206 2465 1423 2538 incuntanter

313 2567 606 2668 committerentur.
656 2565 809 2664 Denique
836 2569 934 2640 etiam
959 2575 1049 2643 reete
1075 2567 1204 2640 uidetur
1224 2563 1422 2642 Viseontius

160 2672 164 2680 ”
249 2677 250 2682 ’
312 2691 464 2741 carceres
488 2693 556 2742 nou
579 2669 613 2740 in
640 2669 890 2766 hippodromum
909 2677 1110 2766 spectantes,
1136 2669 1195 2742 sed
1215 2675 1422 2742 mensversos

311 2769 485 2866 posuisse,
519 2771 568 2842 ita
599 2778 636 2844 ut
667 2772 812 2867 parietes
847 2795 960 2844 eorum
991 2772 1026 2843 in
1057 2778 1196 2866 utraque
1231 2769 1287 2840 ulo
1310 2780 1423 2842 rectos
1531 2847 1532 2860 q

164 2909 167 2924 ν
265 2881 270 2896 “
312 2872 473 2968 utrimque
506 2873 646 2968 angulos
676 2873 853 2963 baberent,
889 2873 1080 2969 egressique
1113 2896 1155 2944 ex
1185 2871 1323 2944 dextrae
1348 2873 1422 2944 alae

311 2972 499 3046 emporibus
525 2975 600 3070 equi
625 2975 771 3070 paullum
797 2974 838 3044 ad
863 2974 1003 3064 laeuam,
1030 2999 1073 3046 ex
1097 2973 1241 3048 sinistris
1269 2973 1311 3044 ad
1336 2973 1423 3044 dcx·

310 3081 395 3146 tram
420 3073 574 3148 lleeteudi
590 3086 722 3167 ‘essent
748 3076 935 3171 priusquam
961 3083 1054 3148 recta
1078 3074 1309 3171 procederent.
1357 3073 1424 3148 Iu-

292 3175 484 3269 ·telligebat
516 3177 621 3268 enim,
657 3177 722 3248 boc
754 3175 850 3248 modo
880 3199 1031 3250 carceres
1057 3179 1160 3250 multo
1186 3178 1298 3273 plures
1322 3199 1423 3272 quam

310 3274 446 3348 iunctim
472 3301 537 3350 uuo
562 3279 598 3349 in
624 3278 737 3350 ordine
763 3279 911 3375 potuisse
938 3279 1107 3369 constitui,
1133 3278 1272 3374 ideoque
1288 3277 1340 3350 sic
1361 3278 1423 3352 de-

84 3403 88 3414 ·
202 3421 209 3440 ,
310 3401 396 3452 mum
422 3401 595 3475 apparere,
623 3404 685 3477 qua
712 3404 829 3454 caussa
844 3380 999 3454 Cleoetas
1025 3381 1121 3454 cunei
1146 3379 1292 3452 sormam⁴
1308 3389 1421 3453 reatae

309 3479 430 3571 lineae,
457 3489 494 3554 ut
518 3482 601 3554 nibil
625 3483 666 3554 ad
693 3483 875 3578 augendum
900 3506 1069 3555 numerum
1094 3483 1295 3572 collaturae,
1323 3505 1424 3578 prae·

309 3582 455 3654 tulisset.
506 3581 610 3677 Nem,
639 3592 674 3655 ut
699 3585 852 3680 exemplo
878 3607 947 3654 rem
973 3584 1155 3675 declarem,
1182 3583 1212 3655 si
1237 3582 1281 3655 de
1305 3583 1422 3656 ordine

279 3715 282 3724 f
311 3679 339 3753 C
365 3683 504 3756 militum
530 3685 594 3758 duo
620 3686 759 3758 extremi
774 3709 905 3758 manere
921 3710 981 3758 suo
998 3688 1087 3776 loeo,
1114 3686 1166 3760 his
1180 3693 1289 3757 autem
1303 3684 1423 3756 ubim-

200 3799 204 3808 ’
310 3805 373 3880 que
398 3787 568 3880 proximus
592 3811 692 3860 unum
714 3811 868 3884 passum,
895 3788 1014 3884 quique
1039 3805 1169 3860 rursum
1195 3788 1235 3858 ab
1261 3786 1315 3858 bis
1338 3811 1423 3882 pro·

309 3885 392 3970 nimi
424 3887 491 3961 sint
522 3887 604 3962 duos
637 3913 754 3987 passus
787 3891 944 3987 progredi
974 3889 1166 3980 iubeantur,
1207 3912 1312 3984 usque
1342 3887 1423 3960 dum

308 3987 471 4084 utrimque
507 3992 794 4087 quinguagesimus
829 3991 863 4061 in
898 4015 1022 4064 summo
1058 3990 1286 4081 constiterint,
1323 3991 1423 4066 cunci

309 4090 454 4185 speeiem
486 4093 687 4188 praebebunt
711 4116 773 4164 nec
796 4115 930 4165 numero
956 4117 1079 4165 eorum.
1094 4101 1212 4183 aucto,
1248 4115 1312 4164 nec
1337 4116 1423 4164 can·

308 4197 416 4264 tracta
440 4192 475 4265 io
501 4192 630 4268 breuius
656 4195 727 4266 bosi
752 4193 860 4286 cunci,
885 4194 928 4265 in·
946 4218 1011 4291 qua
1035 4195 1127 4292 prius
1148 4217 1260 4276 omues
1281 4193 1422 4266 iunctim

308 4299 480 4366 steterant.
529 4293 589 4368 Ex
621 4319 685 4391 quo
710 4303 821 4394 patet,
854 4295 885 4372 si
909 4291 1046 4368 eun'eum
1079 4295 1193 4394 oppidi
1217 4295 1423 4390 triangulum

196 4415 200 4430 ⁸
307 4394 544 4490 aequilaterum
569 4421 761 4493 ponamus,
782 4398 834 4472 bis
866 4404 916 4472 tot
941 4398 1128 4472 carceribus
1159 4398 1195 4472 iu
1220 4397 1283 4470 alis
1307 4395 1424 4472 locum
