3070 5048
343 421 345 431 *
469 423 519 484 nn
540 423 690 488 cennos
711 381 893 490 monos.
1177 427 1242 496 aas

52 587 57 594 '
129 585 209 685 qnid
234 582 344 664 ἒλλδν
364 596 453 662 esset
478 588 658 665 nescivisse
683 591 920 668 hariolatioues
946 617 1059 668 eorum
1083 591 1240 693 produnt,¹

55 743 57 747 -
129 713 262 786 quarum
297 691 379 762 satis
413 699 534 764 estex
558 692 725 790 Hesychio
753 693 906 792 exempla
931 696 1146 792 apposuisse:
1182 698 1240 770 ίλ-

127 787 210 865 λόν·
244 786 410 892 ἀγαθόν,
435 790 617 894 γλαυκόν,
639 791 820 893 χαροπόν,
846 793 1106 884 δνθαλοίττιον,
1131 793 1241 892 ταχεί,

128 893 297 988 ἄφωνον,
321 887 452 994 ὑγρόν,
478 895 629 993 ἔλαφον,
648 894 814 998 νεογνόν.
841 898 994 982 ἔλλοπες·
1020 896 1240 982 ἐλλείποντες

125 1001 189 1089 τῆς
215 991 302 1076 ὀπός
308 1017 320 1081 ’,
353 996 542 1070 τουτέστιν
568 997 781 1101 ἄφθογγοι,
816 999 980 1097 ἄφωνοι,
1013 997 1077 1074 ναὶ
1102 995 1240 1088 δασεῖς,

124 1095 188 1170 καὶ
218 1099 381 1192 τραχεῖς,
415 1095 478 1170 καὶ
502 1099 669 1174 ποικίλοι.
727 1099 845 1198 Itaque
879 1125 977 1199 quum
1008 1102 1160 1184 ἔλλοπας
1185 1097 1240 1174 vel
1338 1089 1341 1108 '

125 1195 249 1280 ἑλλοὺς
274 1199 384 1294 pisces
412 1201 523 1272 vocari
549 1201 710 1294 uiderent,
738 1203 954 1293 leremutos,
981 1202 1119 1300 quodid
1142 1225 1241 1300 praa-

125 1300 221 1397 cipne
247 1299 281 1370 in
306 1299 456 1396 piscibus
471 1303 615 1375 notabile
630 1312 753 1396 essct,
768 1305 1080 1401 interpretabantur.
1130 1302 1240 1378 Intel·
1268 1391 1270 1404 Ι

124 1401 210 1498 liget
234 1425 313 1474 nere
341 1403 475 1475 cursio
501 1413 660 1486 vocentur
684 1407 807 1503 pisces,
837 1407 893 1503 qui
921 1406 971 1478 vel
998 1405 1100 1478 semel
1126 1429 1239 1480 eurum

123 1503 258 1574 celeres
285 1510 319 1573 ct
344 1503 512 1577 flexuosos
546 1505 580 1577 iu
614 1531 699 1603 aqua
723 1515 831 1579 motus
859 1508 1083 1604 conspexerit.
1145 1507 1240 1599 Quo-

122 1604 210 1674 niam
237 1602 277 1674 de
303 1605 463 1677 uocabulo
489 1605 549 1678 illo
577 1607 686 1680 dicere
713 1609 821 1703 coepi,
847 1608 975 1699 licebit,
1002 1607 1136 1679 nisime
1157 1633 1239 1682 ccu-

120 1705 249 1776 iectura
274 1704 375 1797 fallit,
400 1703 550 1778 Arcades
577 1707 655 1780 illos
681 1703 945 1805 προσελήνοος,
972 1708 1149 1804 inquibus
1176 1733 1252 1793 cnr-2

120 1805 285 1904 plicandis
316 1805 467 1903 lleynius
498 1807 533 1879 in
560 1805 688 1905 Opuso.
714 1809 873 1881 Acadcm.
908 1809 976 1882 vol.
1001 1806 1053 1881 Π.
1085 1833 1122 1905 p.
1149 1811 1237 1883 332.

120 1931 217 2003 seqq.
243 1918 277 1980 et
304 1908 369 1980 vol.
385 1907 454 1980 Vl.
479 1934 515 2006 p.
533 1912 622 1986 463.
648 1910 835 2002 haesitavit,
863 1909 1102 1984 Grotelendius
1128 1919 1237 1984 autern

119 2009 155 2080 in
181 2009 429 2107 Eueyclopaed.
456 2012 552 2084 univ.
573 2021 656 2085 seet.
682 2010 715 2083 Ι.
742 2014 810 2084 vol.
828 2011 876 2102 V.
903 2037 938 2110 p.
962 2014 1049 2086 323.
1075 2010 1161 2110 apud
1175 2009 1237 2084 In·
1276 2080 1282 2092 ,

119 2110 182 2184 dos
207 2112 392 2211 conquisita
417 2114 568 2210 protulit,
595 2115 698 2186 multo
725 2115 907 2210 simplicius
934 2138 977 2186 ex
998 2137 1039 2186 eu
1056 2113 1164 2202 dictus
1182 2114 1237 2186 iu-

118 2215 316 2309 terpretari,
353 2214 440 2310 qnod
465 2223 541 2288 aute
566 2213 743 2287 Hellenum
770 2215 942 2289 adveutum
976 2217 1141 2290 tenuerint
1166 2214 1235 2288 Ar-

118 2315 260 2387 cadiam.
312 2313 603 2410 Ποοοεληνίδες,Ι
621 2341 703 2412 qnae
720 2316 887 2410 Hesychia
906 2314 1122 2414 Ἀρκαδικοί
1138 2311 1284 2412 ναίει-15
1427 2389 1433 2406 ,

118 2443 191 2512 (ραι
216 2424 304 2506 εοολ,
332 2415 587 2488 Callimachcam
608 2419 739 2513 sapiunt
757 2415 951 2489 doctrinam.
1001 2417 1168 2490 Revertor
1192 2417 1234 2490 ud

25 2511 27 2522 '
117 2515 313 2589 Homerum.
363 2513 401 2588 Is
428 2518 546 2588 uereor
569 2541 630 2606 nc,
663 2542 761 2612 quum
787 2526 820 2588 et
846 2517 887 2588 de
913 2515 1018 2588 Sellis
1045 2518 1134 2590 circa
1158 2517 1235 2590 Do-

118 2617 239 2690 douam
264 2618 504 2707 habitantibus,
539 2627 573 2690 et
606 2616 646 2688 de
671 2616 763 2689 lovis
789 2616 964 2688 Dodonaei
990 2617 1231 2708 sacerdotibus,

117 2720 177 2814 qui
203 2713 445 2800 ἀνιπτόποδες
461 2728 495 2790 et
507 2727 733 2813 χαμαιεῦναι
746 2727 870 2810 esseut,
897 2706 1124 2808 inaudivisset,
1150 2715 1233 2790 Sel-

116 2821 163 2892 lis
189 2819 353 2910 tribuerit,
380 2819 468 2916 quod
493 2820 699 2892 sacerdotum
724 2819 857 2906 illorum
883 2827 967 2910 erat,
992 2807 1058 2891 uon
1077 2844 1141 2917 quo
1161 2819 1233 2892 Pe·

115 2923 233 3018 lasgos
260 2945 372 2994 omues
397 2920 581 2994 existimem
607 2921 696 2994 feros
722 2928 756 2993 et
781 2920 993 3017 glandivoros
1018 2919 1141 3012 luisse,
1172 2945 1232 2995 ve-

115 3047 191 3095 rum
217 3023 304 3120 quod
329 3025 471 3121 populos
497 3048 563 3096 non
588 3023 681 3096 nasci
706 3023 827 3116 cultos,
853 3021 912 3096 sed
938 3022 1109 3119 paullatim
1133 3046 1154 3095 a
1178 3022 1232 3096 le·

115 3126 217 3198 ritate
251 3125 292 3196 ad
324 3125 545 3198 humaniorem
579 3125 703 3198 cultum
735 3148 903 3221 emergere
935 3124 1102 3220 intelligo.
1151 3122 1230 3198 Non
1264 3153 1297 3198 η

116 3227 207 3300 omni
233 3227 371 3300 veritate
398 3226 554 3299 destituta
579 3251 652 3298 esse
677 3235 777 3324 puto,
805 3249 887 3322 quae
913 3225 1048 3300 tradidit
1071 3224 1230 3300 llerodu-

114 3338 172 3401 tus
198 3322 331 3400 11.52.
364 3328 482 3401 ἔθυον
508 3324 549 3400 δὲ
574 3322 727 3400 πάντων
753 3328 819 3422 (sie
844 3353 905 3423 pro
931 3321 1055 3400 πιίντα
1080 3328 1229 3402 scriben-

114 3430 212 3525 dum)
246 3423 424 3524 πρότερον
458 3427 492 3500 οἱ
519 3425 706 3527 Πελασγοὶ
731 3429 854 3500 θεοῖσι
885 3422 1141 3521 ἐπευχόμενοι,
1178 3426 1242 3513 ὥς,

114 3525 204 3632 lyci·
222 3530 263 3603 ἐν
286 3523 456 3622 Δωδώνῃ
490 3525 575 3601 οἶδα
606 3523 796 3611 teodone-v
820 3526 1033 3623 ἐπωνυμίην
1065 3524 1106 3600 dd
1139 3528 1222 3604 οὐδ’

115 3633 262 3724 οὔνομα
287 3631 473 3704 ἐποιεῦντο
507 3625 632 3703 οὐδενὶ
664 3629 808 3716 αὐτῶν·
845 3627 890 3701 οὐ
921 3625 994 3757 peip
1021 3624 1226 3724 ἀκηκόεσάν
1304 3639 1306 3644 ’
1336 3626 1340 3634 “

113 3760 188 3806 κω·
224 3729 335 3814 θεοὺς
359 3728 401 3806 δὲ
426 3724 706 3828 παρωνόμασοίν
731 3753 845 3827 σφεας
865 3729 938 3802 ἀπο
954 3736 1022 3802 τοῦ
1040 3725 1223 3822 τοιούτου,

115 3833 174 3908 ὅτι
197 3830 327 3930 κόσμῳ
352 3832 481 3915 θέντες
505 3830 551 3906 τὰ
578 3827 700 3905 ποίντα
726 3827 923 3931 πρήγματα
942 3829 1006 3904 καὶ
1024 3827 1145 3916 παίσας
1158 3861 1235 3922 νοῇ

114 3935 190 4029 μὰς
213 3934 323 4030 εἶχον.
375 3933 444 4008 Scd
477 3933 564 4032 quod
596 3933 712 4004 deinde
746 3934 854 4024 addit,
890 3934 930 4003 ab
956 3932 1131 4031 Aegyptiis
1163 3951 1254 4024 eos]

114 4038 247 4110 nomina
272 4039 406 4111 deorum
433 4036 620 4134 accepisse,
656 4034 690 4105 id
716 4035 801 4106 falsa
826 4034 979 4130 opinione
1006 4045 1120 4132 captus
1145 4037 1220 4109 lon-

115 4140 193 4234 gius
217 4140 383 4236 repetivit,
410 4161 508 4235 quum
531 4137 566 4208 iu
594 4137 711 4209 uicinia
735 4136 883 4220 haberet.
932 4134 1008 4210 Non
1033 4138 1108 4210 dicu
1123 4135 1221 4209 The·
1326 4231 1334 4241 a

115 4241 174 4313 bas
191 4238 364 4333 Boeotiae,
390 4249 426 4312 ut
441 4235 487 4310 0.
502 4237 647 4311 Miillcro
665 4238 700 4309 iu
713 4238 901 4336 Boettigeri
913 4237 1088 4312 Amalthea
1102 4239 1169 4310 rol.
1184 4237 1217 4308 l.

113 4365 151 4437 p·
179 4345 264 4417 122.
290 4342 476 4433 uidebatur,
502 4349 592 4414 recte
618 4340 830 4414 dissentiente
855 4339 1040 4412 Wclclrerc
1067 4337 1107 4410 ad
1132 4337 1218 4408 Phi-

113 4443 246 4542 lostrati
270 4441 377 4542 lulag.
408 4469 444 4542 p.
470 4443 577 4536 565„
610 4442 669 4515 sed
694 4440 866 4514 llellcnes.
924 4439 973 4512 lli
1004 4438 1089 4512 euim
1120 4446 1215 4534 post-
