3070 5048
419 323 479 426 nu
500 361 685 424 aasabim
702 361 901 428 annulum.
1150 364 1216 431 sao

106 535 305 630 prostratam
338 529 492 628 pietatem
518 531 709 629 implorare.
765 529 807 604 In
839 531 970 630 pictura
994 539 1086 604 certe
1110 557 1216 630 noque

104 657 205 705 auras
229 631 376 706 hircinae
401 657 507 729 neque
533 632 708 706 caudarum
732 633 836 706 ullum
861 632 1048 730 uestigium,
1077 659 1140 708 neo
1166 635 1217 707 bi-

107 758 252 832 pcnnes,
285 733 345 806 sed
368 735 480 806 mallei
506 744 702 827 cernuntur,
729 759 835 832 neque
860 734 950 806 bnmi
974 743 1141 832 prestrata
1166 743 1218 810 est

106 836 237 926 mulier,
263 835 322 908 sed
343 844 467 932 aperte.
478 860 522 908 ex
538 845 628 909 terra
644 861 717 910 sese
735 837 872 910 attollit.
922 835 1012 908 lllud
1033 861 1109 909 vero
1125 845 1217 912 recte

107 936 203 1029 uidit,
230 936 319 1009 uiros
344 937 423 1011 illos
448 961 539 1009 arma
563 961 624 1011 sua
648 939 777 1010 uibrare
804 946 919 1012 uonna
933 939 1028 1012 illum
1044 940 1146 1011 uirum
1161 939 1218 1036 qui

106 1063 193 1136 pone
218 1038 388 1110 mulierem
413 1048 565 1113 occurrat
584 1063 713 1137 pavens
733 1047 767 1112 et
787 1041 970 1137 supplicem
986 1064 1116 1133 manum
1135 1043 1268 1139 pro-ld

106 1140 266 1233 tendens,
298 1141 469 1214 mulierem
500 1151 606 1237 autem
639 1167 701 1239 pru
735 1165 775 1214 eo
801 1141 985 1238 deprecari.
1035 1141 1131 1216 Haeo
1164 1143 1221 1240 qui

106 1241 380 1334 consideraverit,
405 1267 472 1315 non
496 1243 632 1340 poterit,
659 1243 772 1334 oredo,
799 1242 947 1316 dubitare
965 1241 1043 1341 quin
1063 1245 1146 1317 baec
1165 1244 1231 1341 pi··
1335 1267 1339 1274 ·

81 1350 202 1444 ,ctura
233 1367 303 1414 rem
335 1352 561 1441 repraesentet
592 1346 690 1442 plane
725 1345 888 1443 diuersam
920 1346 960 1417 ab
994 1369 1052 1438 ea,
1088 1346 1123 1418 in
1138 1411 1142 1420 ,
1155 1370 1220 1443 qua

40 1468 44 1480 ·
107 1468 260 1541 magnum
292 1445 377 1516 illud
408 1455 505 1542 atque
530 1446 689 1519 ‘immane
710 1455 810 1543 caput
840 1447 987 1519 mulieris
1013 1457 1077 1534 est.
1134 1446 1220 1520 Nam

51 1579 54 1590 a
101 1548 174 1618 etsi
199 1545 296 1616 etiam
322 1570 440 1642 magna
463 1548 524 1618 illa
548 1549 678 1638 mulier,
705 1548 791 1644 quod
809 1547 957 1620 sublatae
974 1557 1134 1644 apparent
1149 1574 1222 1622 ma·

106 1671 171 1720 nus
197 1647 280 1739 eius,
310 1647 413 1720 uderi
437 1655 549 1744 potest
573 1649 729 1745 pietatem
753 1650 932 1744 implorare
949 1648 1135 1722 ferientium
1149 1673 1221 1722 eam
1283 1657 1286 1663 '

106 1748 281 1841 iuuenum,
316 1757 424 1821 tamen
449 1773 554 1845 neque
581 1755 617 1822 ut
642 1750 832 1846 supplicans
857 1749 999 1846 adspicit
1031 1775 1090 1822 eos
1114 1775 1221 1847 nuque
1287 1819 1291 1826 .

90 1859 147 1933 ,ut
170 1857 317 1922 metuens
342 1851 502 1923 inclinato
528 1851 636 1948 capite
663 1851 815 1949 despicit,
843 1851 902 1924 sed
926 1860 1018 1942 recta
1039 1860 1136 1948 atquc
1157 1854 1221 1924 im-

104 1959 198 2024 mota
223 1960 300 2044 stat,
327 1977 389 2024 nec
414 1951 589 2049 quidquam
614 1952 680 2024 nisi
704 1977 818 2026 manus
836 1977 913 2026 suas
932 1954 1110 2053 tranquillo
1129 1955 1222 2027 uultu

104 2051 240 2124 uidetur
263 2053 398 2126 intueri.
456 2051 574 2151 Itaque
606 2055 666 2126 illa
699 2054 829 2150 quidem
855 2065 969 2151 aperte
1002 2057 1076 2126 viva
1102 2065 1153 2127 est
1188 2065 1222 2128 et

109 2162 184 2227 orat
208 2163 245 2226 ut
269 2167 424 2251 parcatur
449 2156 541 2247 uiro,
574 2156 608 2227 iu
642 2181 737 2251 quem
762 2156 849 2229 ictus
873 2157 1104 2246 intenduntur3
1141 2159 1239 2249 liaeo,
1288 2235 1292 2246 ,

107 2265 217 2328 utrum
243 2257 332 2328 vivat
362 2281 465 2329 necne
497 2258 595 2354 plane
628 2259 805 2330 nescimus.
856 2258 965 2330 Porro
995 2260 1069 2354 ipsa
1094 2260 1223 2331 malleis

104 2355 341 2447 contunditur,
375 2357 464 2453 quod
489 2367 604 2430 contra
627 2358 662 2428 in
689 2359 794 2429 altera
818 2359 949 2454 pictura
973 2360 1057 2430 nibil
1082 2362 1160 2430 mali
1184 2360 1224 2431 lit

108 2458 254 2548 soulieri,
281 2456 338 2529 sed
365 2459 489 2556 petitur
514 2459 576 2549 uir,
605 2459 660 2553 qui
686 2482 772 2558 pone
799 2482 869 2529 eam
887 2468 951 2531 est.
1003 2459 1113 2550 Quare
1132 2460 1224 2556 quis-

110 2559 185 2656 quis
219 2567 270 2659 cqt
302 2558 357 2631 laic
391 2559 461 2651 uir,
496 2559 645 2646 Passerii
678 2559 808 2654 pictura
840 2560 893 2630 uel
920 2559 1063 2630 Terram
1088 2571 1225 2632 matrem

109 2661 289 2733 aulalium
314 2660 426 2732 nescio
460 2684 556 2756 quam
589 2659 682 2732 deam
716 2683 760 2730 cx
793 2668 881 2731 terra
912 2667 1152 2756 emergentem,
1188 2669 1225 2732 ut
1264 2731 1274 2752 „

20 2808 22 2817 =
108 2761 314 2859 periclitanti
328 2760 367 2833 ab
381 2761 511 2834 infestis
526 2761 776 2858 aggressoribus
791 2761 862 2833 uiro
877 2784 973 2858 opem
988 2761 1086 2853 ferat,
1111 2771 1237 2847 osteu—¹
1325 2837 1331 2844 ,
1350 2773 1357 2782 “

109 2865 174 2934 dit.
226 2862 319 2953 Quae
350 2863 417 2936 ista
450 2863 561 2934 fabula
586 2864 650 2954 sit,
687 2871 845 2958 quaerant
869 2863 939 2935 alii.
1002 2862 1080 2960 Ego
1107 2889 1157 2935 me
1183 2863 1224 2934 ad

109 2963 196 3037 illud
223 2973 434 3056 convertam,
472 2964 557 3061 quod
584 2957 626 3037 iu'
645 2964 823 3036 Wolckeri
850 2989 927 3036 uase
962 2972 1013 3037 est
1045 2966 1225 3062 depictum,

109 3075 150 3138 ut
174 3065 208 3137 id
235 3091 299 3139 non
326 3066 534 3164 improbabili
560 3068 750 3140 coniectura
775 3066 950 3162 explicem.
1004 3155 1005 3160 Ἰ

214 3165 327 3240 Feriri
347 3157 489 3241 ¹alternis
513 3167 634 3241 ictibus
660 3176 759 3266 caput
776 3169 923 3242 seclieris
942 3177 1007 3240 tam
1025 3165 1114 3240 claro
1131 3192 1228 3240 uuon-

108 3275 199 3342 'strnt
222 3273 365 3365 pictura,
391 3272 427 3342 id
454 3279 489 3342 ut
515 3270 656 3342 dubitari
682 3278 834 3365 nequeat.
885 3269 1085 3368 Magnitudo
1108 3270 1226 3366 capitis

110 3367 265 3468 prolecto
290 3394 356 3441 non
381 3380 504 3443 temere
529 3379 621 3443 tanta
646 3379 717 3461 est,
744 3379 780 3441 ut
805 3395 933 3442 ornnem
958 3395 1032 3443 cum
1056 3372 1227 3442 iuuenibus

109 3470 277 3566 utrimque
303 3470 507 3543 adstantibus
534 3473 810 3568 comparationem
836 3471 1011 3561 excludat,
1037 3471 1097 3542 sed
1110 3462 1229 3566 'sigui-

111 3575 194 3646 nicet
219 3571 342 3667 aliquid
368 3597 504 3644 necesso
531 3581 594 3644 est.
646 3572 687 3645 Id
714 3582 820 3643 autem
857 3572 933 3669 quid
960 3571 1150 3644 aliudesse
1176 3571 1229 3645 di·
1284 3599 1292 3634 v

112 3698 240 3765 camus,
268 3697 364 3769 quam
390 3699 456 3746 non
482 3698 555 3745 esse
581 3673 664 3745 illud
691 3673 858 3765 mulieris,
886 3696 968 3769 quae
994 3697 1037 3744 en
1063 3673 1229 3748 bominum

114 3799 238 3872 genere
264 3776 327 3865 sit,
354 3785 465 3873 caput.
516 3774 632 3872 Neque
658 3799 737 3847 uero
765 3773 845 3845 deae
871 3798 943 3846 esse
970 3783 1093 3875 potest.
1144 3774 1230 3849 Nam

113 3901 179 3949 nec
213 3878 347 3950 solitum
382 3886 433 3949 est
459 3876 539 3950 deos
571 3877 674 3949 multo
699 3875 824 3948 maiore
858 3899 953 3973 quam
987 3876 1153 3949 bominum
1179 3885 1230 3950 ast

113 3979 223 4050 forma
248 4003 287 4052 ac
312 3987 439 4052 statura
463 3978 565 4075 fingi,
592 3986 627 4051 et
652 4001 734 4074 quae
761 3976 890 4049 tandem
915 3977 1045 4050 illusit
1070 3979 1145 4072 dea,
1171 4003 1231 4052 cu·
1334 4037 1346 4048 .

115 4080 172 4150 ius
198 4089 296 4176 caput
321 4080 394 4177 quis
419 4080 548 4152 malleis
573 4089 750 4179 percutere
771 4078 903 4171 audeat,
929 4082 1124 4176 praesertim
1142 4081 1172 4152 si
1191 4105 1232 4153 ea

118 4189 187 4252 tam
213 4180 400 4277 ingentibus
425 4182 578 4255 membris
603 4183 666 4276 sit,
703 4189 739 4254 ut
771 4182 832 4272 uel
850 4205 915 4254 una
939 4201 1042 4255 mauu¹
1061 4183 1143 4258 duos
1169 4181 1232 4254 bo·

119 4281 227 4356 mines
261 4281 427 4380 coiripere
460 4292 558 4381 atque
598 4286 633 4358 ln
667 4285 858 4356 immensum
894 4283 1058 4382 proiicere
1090 4283 1232 4378 spatium

124 4376 258 4478 pessit?
309 4383 406 4476 Quod
431 4386 462 4458 si
486 4385 551 4460 boo
575 4392 675 4483 caput
699 4407 804 4480 neque
817 4384 971 4460 bominis
989 4407 1052 4456 neo
1068 4381 1149 4472 deae
1167 4391 1231 4477 est,
