3084 5050
271 1079 306 1279 a
551 1197 654 1282 nlo
719 1187 1151 1292 'QUINQUE

297 1383 753 1538 rnorornns
821 1321 1439 1526 ronnnnnnrny

734 1683 736 1692 Ι
834 1689 839 1694 ι

159 1833 186 1844 ’“
296 1796 457 1905 lunatum
481 1832 665 1904 hominibus
692 1839 744 1903 est
768 1840 803 1904 et
826 1831 948 1904 imitari
980 1840 1015 1904 et
1039 1829 1207 1906 amdan.
1264 1826 1407 1900 Imitau·
1525 1853 1526 1892 1

295 1942 370 2024 tur,
398 1933 453 2027 qui
478 1933 657 2030 participes
682 1933 789 2004 landis
814 1932 889 2006 tieri
914 1933 1067 2029 eupiunt;
1084 1933 1323 2018 aemulantur,
1350 1929 1407 2026 qui

168 2044 174 2054 '
297 2033 476 2123 excellere,
504 2057 608 2129 neque
629 2033 776 2106 homines
796 2033 914 2124 solnm,
941 2033 1113 2107 sedetiam
1129 2033 1306 2106 bestiarum
1322 2053 1406 2127 quac

299 2135 497 2207 sollertioris
523 2141 600 2206 sunt
616 2144 650 2206 et
663 2134 885 2230 generosioris
907 2135 1050 2224 indolis;
1074 2135 1223 2213 homines
1242 2158 1323 2207 uero
1343 2156 1406 2230 pro
1481 2135 1485 2146 “

202 2243 205 2246 ’
260 2325 263 2332 Ι
298 2236 446 2332 gentium
470 2236 615 2308 moribus
632 2237 691 2308 alii
712 2237 777 2329 adia
794 2246 1034 2314 consectantes.
1085 2235 1185 2328 Sunt,
1213 2236 1329 2333 quibus
1345 2257 1408 2331 pa·

212 2341 215 2352 '
297 2338 397 2409 trium
430 2345 481 2408 est
514 2338 663 2435 eorporis
696 2338 839 2430 dubus,
874 2346 912 2410 nt
943 2339 1133 2436 quibusdam
1164 2337 1407 2428 Helvetiorum,

301 2437 490 2526 decertare3
524 2448 611 2530 sunt,
646 2440 703 2540 qui
728 2463 889 2512 armorum
916 2443 1044 2538 crepitu
1069 2441 1272 2536 telorumque
1299 2438 1409 2511 uibra-

301 2539 390 2612 tione
418 2539 496 2612 beili
522 2541 698 2614 simulacra
720 2551 979 2640 repraesentent,
993 2550 1043 2614 nt
1062 2543 1270 2614 barbarorum
1292 2540 1422 2628 multip

300 2640 526 2738 Hispanorum
551 2652 602 2716 ost
627 2652 739 2716 tauros
763 2645 798 2717 in
815 2644 959 2716 furorem
979 2655 1071 2716 actos
1089 2644 1204 2717 dextre
1221 2641 1407 2738 contigere-3

178 2803 180 2808 .
297 2745 451 2840 pugilatu
463 2743 617 2819 Britanni
641 2745 781 2841 palmam
802 2739 961 2842 quaeruut
981 2754 1018 2817 et
1033 2747 1208 2818 velocitate
1221 2767 1412 2840 equorums

297 2845 363 2935 lroo
389 2844 488 2916 hodie
513 2846 677 2919 imitamur
707 2847 889 2920 imitatores
916 2845 1095 2939 Germani,
1129 2845 1223 2918 iraud-
1247 2869 1326 2918 sanc
1353 2869 1409 2916 sa·

127 2964 130 2969 ’
257 2951 262 2962 '
299 2946 441 3043 pientes,
476 2947 569 3044 quasi
593 2947 697 3020 virtus
723 2948 842 3044 equitis
869 2948 913 3020 sit
937 2947 1052 3044 ingere
1078 2955 1135 3022 ant
1158 2947 1286 3044 insequi
1312 2945 1409 3044 fuga·

230 3039 234 3045 ⁵
300 3071 390 3119 eam:
424 3047 491 3144 ipsi
516 3047 603 3142 quod
630 3049 708 3120 olim
733 3049 804 3120 ludi
828 3072 945 3140 genus,
973 3050 1058 3126 sicut
1084 3051 1141 3122 aiii
1162 3049 1319 3146 Europae
1345 3074 1408 3162 pn=

299 3147 383 3244 puli,
410 3151 656 3241 exercebamus,
684 3159 720 3222 ut
743 3149 859 3224 tanati
884 3151 1010 3246 equites
1034 3151 1181 3226 adversis
1206 3151 1309 3240 hastis
1327 3176 1410 3226 cons
1525 3175 1526 3248 j

301 3257 483 3341 currerent,
510 3274 614 3348 aeque
639 3251 778 3326 desitum
803 3259 867 3343 est,
894 3262 991 3349 atque
1012 3261 1049 3326 ut
1065 3253 1106 3326 de
1128 3253 1313 3350 principatu
1327 3277 1410 3326 eon-
1525 3267 1526 3338 ξ

300 3351 471 3441 tenderent
505 3361 635 3448 poetae.
692 3351 777 3425 Nam
810 3362 845 3425 et
868 3353 1008 3446 Musae,
1043 3356 1166 3452 ereptis
1198 3353 1314 3445 seriis,
1356 3355 1410 3426 vel

301 3453 510 3543 conticuere,
543 3454 596 3527 nel
623 3454 790 3527 solitariae
805 3455 903 3527 ‘levia
927 3456 1061 3545 ludunt3
1096 3457 1216 3529 loricas
1242 3464 1349 3528 autem
1376 3464 1410 3528 ct

301 3553 414 3654 galeas
441 3554 557 3649 robigo
582 3554 617 3633 in
643 3558 900 3628 armamentariis
926 3559 1078 3650 obducit,
1113 3583 1157 3630 ex
1183 3579 1247 3653 quo
1272 3556 1410 3648 iniurias
1525 3569 1526 3616 ἓ

300 3656 395 3750 lege,
422 3680 489 3734 uon
516 3656 613 3728 armis
639 3657 805 3730 uindicare
832 3658 1023 3751 didicimus,
1050 3685 1127 3732 mox
1152 3659 1294 3731 fortasse
1319 3657 1411 3731 rodi·
1525 3679 1526 3684 ’

301 3755 368 3837 turi
393 3755 435 3827 ad
462 3779 563 3848 arma,
596 3761 698 3830 naum·
713 3768 802 3854 metu
828 3759 974 3834 detracto
999 3762 1148 3858 iegibus,
1175 3760 1411 3856 humaniusque
1514 3823 1516 3834 .

301 3857 373 3928 viso
399 3856 467 3927 vita
491 3856 557 3929 [rui
582 3859 739 3952 nefarios,
766 3885 860 3957 quam
886 3862 1029 3936 interfici
1054 3887 1074 3934 a
1099 3863 1294 3936 facinorosis
1321 3862 1410 3934 cives
1525 3881 1526 3916 n

300 3959 436 4055 probos.
488 3958 653 4049 Quantum
678 3963 718 4034 ab
744 3962 795 4050 his
823 3964 970 4036 omnibus
988 3964 1088 4036 distat
1106 3964 1271 4050 inventrix
1292 3964 1411 4036 artium

183 4143 189 4152 ,
300 4069 398 4158 atque
425 4059 545 4132 cultrix
574 4060 737 4155 Graecia,
772 4088 855 4161 quac
881 4065 921 4136 ab
947 4066 1183 4162 antiquissimis
1209 4066 1411 4162 temporibus

301 4162 349 4250 ita
374 4162 537 4236 delectata
563 4172 614 4236 est
639 4165 890 4258 certmninibns,
925 4174 963 4254 ut
996 4190 1197 4267 quacumque
1222 4167 1411 4265 occasione,
1438 4209 1441 4217 s

386 4381 417 4466 ¹⁸)
447 4383 749 4450 aureatenses.
