3076 5046
192 1209 200 1245 t

217 1422 241 1492 a
507 1395 625 1500 ,DE
695 1395 1068 1542 nonnus
1183 1424 1196 1439 .

241 1587 887 1708 rnscnrnuromnus
947 1590 1275 1744 cronois
1298 1593 1355 1734 ι).

696 1845 898 1855 η--μ--ι-ι

192 2043 194 2047 ’
240 1979 529 2115 Adspicientibus
563 2039 645 2112 quae
682 2040 726 2088 ex
758 2016 901 2114 antiquis
933 2017 1152 2089 monumentis
1186 2016 1354 2132 mutibtae

235 2127 276 2195 ,et
299 2119 476 2190 lacunosae
491 2117 725 2214 inscriptiones
747 2119 897 2213 prolatae
920 2126 1008 2210 sunt,
1035 2118 1188 2190 similiter
1204 2126 1241 2190 ut
1256 2143 1355 2216 quum

103 2287 109 2300 ,
241 2219 466 2292 aedificiorum
490 2219 603 2291 ruinas
630 2221 901 2318 contemplamur,
929 2219 1092 2317 cupiditas
1113 2219 1271 2317 quaedam
1292 2245 1356 2292 ex·

241 2322 363 2394 citatur
389 2319 497 2392 omnia
521 2319 753 2420 perquirendi,
790 2321 1052 2420 coniieiendique
1085 2345 1181 2420 quem
1207 2333 1354 2420 quaeque

240 2447 317 2518 pars
343 2446 437 2493 usum
463 2423 626 2513 habuerit,
654 2421 795 2521 quidque
821 2431 926 2498 totum
946 2424 1030 2496 illud
1050 2423 1164 2518 fuerit,
1190 2424 1283 2500 euius
1301 2423 1356 2497 ni-

240 2524 289 2595 hil
313 2524 379 2596 nisi
411 2524 546 2620 inutiles
579 2533 756 2622 supersunt
786 2525 959 2624 reliquiae.
1018 2523 1088 2598 Sed
1115 2533 1167 2597 est
1190 2525 1226 2596 in
1252 2549 1292 2597 ea
1315 2549 1356 2598 re

242 2623 295 2696 via
320 2623 458 2721 quadam
483 2650 523 2700 ao
542 2628 672 2700 ratione
694 2651 791 2723 opus,
817 2651 859 2698 ne
877 2628 956 2724 quid
972 2636 1029 2700 aut
1051 2626 1240 2724 arripiatur,
1268 2625 1355 2723 quod

151 2810 154 2818 f
241 2751 390 2800 caussam
415 2753 483 2800 non
506 2727 626 2800 habeat
650 2725 815 2821 idodeam,
842 2737 899 2800 aut
923 2731 1094 2826 probetur,
1123 2729 1209 2828 quod
1235 2729 1355 2802 falsum
1494 2787 1498 2797 .

241 2854 315 2902 esse
341 2829 470 2902 ostendi
494 2829 622 2923 possit,
656 2829 772 2901 autin
797 2830 938 2903 medium
964 2833 1139 2924 afferatur,
1177 2829 1264 2928 quod
1288 2855 1354 2903 uon

146 2919 176 2942 ¹*
243 2931 312 3002 reri
337 2927 550 3003 similitudine
571 2929 814 3004 commendetur
840 2956 936 3029 quam
956 2935 1064 3030 possit
1084 2931 1237 3005 maxima.
1287 2929 1355 3002 Li-

240 3033 297 3104 bet
320 3031 354 3102 id
382 3029 507 3102 duobus
533 3031 694 3127 exemplis
721 3031 944 3110 demonstrare
969 3033 1219 3131 inscriptionum
1241 3029 1355 3102 Four-

241 3140 478 3205 montanorum.

217 3227 224 3248 '
274 3251 280 3276 ·’
318 3233 445 3330 sArgis
470 3230 604 3304 inventa
635 3241 688 3306 est
719 3233 827 3310 brevis
852 3228 1045 3330 inscriptio,
1082 3253 1178 3328 quam
1203 3232 1238 3305 in
1264 3229 1354 3305 Gor-

28 3428 33 3440 )
241 3359 323 3432 pore
349 3333 607 3442 Inscriptionpm
632 3329 824 3410 Boeclrhius
849 3363 884 3408 n.
909 3331 1037 3406 XVH.
1068 3355 1105 3430 p.
1131 3334 1194 3408 25.
1225 3333 1351 3409 Rosius
1467 3385 1472 3398 ·

135 3477 136 3482 =
243 3437 410 3510 antemio
435 3435 711 3534 Inscriptiouihus
737 3435 967 3511 uetustissimis
992 3459 1031 3532 p.
1045 3438 1107 3510 81.
1132 3437 1257 3534 posuit.
1299 3439 1352 3510 Ao

242 3538 367 3610 Rosius
393 3537 434 3609 de
460 3539 682 3635 explicatione
703 3548 738 3612 et
758 3536 964 3610 restitutione
981 3538 1195 3634 desperabat:
1222 3537 1352 3612 alloe-

243 3639 342 3712 ckhio
369 3647 476 3712 autem
502 3664 585 3736 quae
611 3641 776 3738 disputata
801 3645 877 3710 suot
903 3661 1001 3735 quum
1026 3664 1089 3736 ego
1114 3640 1351 3738 improbassem

242 3743 279 3812 in
304 3760 343 3813 eo
368 3741 467 3833 libro,
494 3766 558 3838 quo
585 3743 625 3814 de
650 3744 721 3814 eius
747 3740 942 3813 tractatione
967 3741 1218 3839 inscriptionum
1243 3742 1352 3815 disse·

243 3842 315 3933 rui,
351 3867 386 3940 p.
412 3843 473 3918 53.
500 3869 531 3916 s.
564 3843 709 3914 defendit
740 3840 799 3912 ille
826 3842 956 3938 quidem
982 3865 1058 3914 snas
1084 3835 1290 3917 coniecturas
1315 3845 1351 3916 iu

153 3933 157 3950 ¹
243 3943 632 4046 praelatione-Corporis
658 3945 700 4040 §-
725 3941 778 4013 Χ.
804 3943 952 4016 sednon
978 3943 1045 4037 ita,
1079 3952 1116 4016 ut
1141 3946 1289 4018 effecisse
1315 3944 1351 4017 id
1446 4017 1448 4022 s

246 4047 332 4142 quod
357 4048 488 4120 uolebat
512 4046 674 4116 rideatur.
724 4041 840 4139 Neque
865 4044 900 4115 id
925 4045 1054 4137 mirum,
1081 4070 1177 4142 quum
1194 4070 1259 4118 non
1278 4071 1351 4119 eam

245 4148 289 4220 sit
313 4149 399 4237 piam
423 4149 612 4242 ingressus,
648 4166 744 4239 quam
768 4143 833 4218 hoc
857 4170 961 4242 genus
987 4171 1107 4245 operae
1140 4146 1204 4218 sibi
1227 4149 1350 4244 poscit.

333 4433 361 4512 ¹)
391 4430 470 4488 Edita
490 4439 531 4489 est
552 4453 576 4489 a.
587 4429 692 4493 ι1835.
