3084 5050
535 413 585 474 nn
610 407 859 516 moneam.
1110 417 1112 430 ·
1201 413 1243 484 sn

139 593 143 606 '
237 571 496 676 θεσμοφόρους
513 579 558 654 θ’
580 578 698 683 ἁγνὰς
715 576 868 663 ποτνίας
883 579 925 654 ἐν
940 570 1075 677 φάρεσι
1090 585 1244 667 'termole-

311 680 419 778 ὄψεσι
443 680 481 756 δ’
510 683 553 757 ἐν
576 685 742 778 τρισσαῖς
763 679 869 780 ἥρωα
893 675 1003 754 τόνδε
1029 680 1152 778 σέβειν
1171 689 1179 708 ‘

233 775 1191 983 ‘imicisdifwbdii'ssitdiiib'siddim'

131 979 174 1055 Iu
206 985 350 1058 secundo
385 1007 480 1059 versu
512 988 702 1061 Brunokius
740 988 852 1086 posuit
887 984 968 1068 vide
988 983 1240 1082 Ἆριστσνόυυ,

129 1083 322 1158 Boeokbins
348 1085 428 1172 υἱὸς
452 1087 489 1164 δ’
514 1087 694 1184 Ὑψίυνος,
721 1088 808 1186 quod
832 1113 950 1161 nomen
975 1089 1127 1161 similiter
1151 1101 1241 1164 esset

130 1209 175 1258 ex
200 1211 272 1259 corn
297 1190 422 1263 aretino
442 1190 562 1264 iactum
584 1200 622 1265 nt
636 1188 829 1288 Κρείσσων
842 1191 877 1263 in
892 1189 1108 1287 inscriptione
1125 1195 1239 1267 2852.

60 1283 63 1293 “
128 1285 176 1359 At
208 1213 295 1385 qnod
327 1291 373 1361 ibi
405 1292 477 1390 ipse
503 1293 607 1366 edidit
631 1291 852 1392 Κρείσσονος
881 1291 977 1364 valde
1010 1285 1146 1371 dnbinrn
1173 1303 1238 1388 est,

129 1411 227 1486 quum
252 1390 422 1489 inlepide
447 1393 494 1467 sit
517 1399 639 1468 KPEI
661 1395 696 1467 in
720 1394 785 1468 iine
814 1416 938 1484 uersus,
969 1395 1157 1469 ΣΟΝΟΣ
1178 1418 1240 1468 au-

127 1497 196 1562 tem
221 1492 257 1563 in
282 1495 448 1588 sequentis
481 1519 595 1568 versus
619 1497 728 1568 initio.
786 1494 858 1568 Nee
889 1503 969 1592 puto
1003 1499 1239 1572 ΥΣΤΟΝΟΕ

126 1591 196 1664 tale
222 1615 310 1684 esse,
336 1604 373 1665 nt
397 1601 487 1667 recte
503 1596 580 1668 inde
594 1596 741 1692 ignotum
763 1617 880 1668 nornen
906 1592 1137 1671 ΥΨΙΟΝΟΣ
1156 1623 1238 1694 pro-

126 1691 205 1766 cudi
229 1694 350 1790 possit.
409 1693 517 1768 Porro
544 1697 677 1770 scribit:
716 1696 821 1770 osto.
848 1693 1082 1793 Dindorfiue
1112 1699 1156 1770 ιἰι
1180 1701 1239 1772 tit·

125 1794 223 1867 terte
247 1794 306 1868 ad
326 1819 386 1869 mc
409 1794 515 1871 dato
539 1798 749 1872 rectissime
773 1798 979 1871 annotavit
1001 1809 1094 1870 onte
1117 1795 1236 1874 cerda

126 1889 252 1970 elder
286 1896 400 1994 ὄναρ
433 1923 572 1972 macero
601 1901 807 2002 proprium
838 1896 964 1984 lterodr
987 1897 1235 1974 statuentem
1298 1919 1307 1938 ²

126 2019 219 2086 ease,
246 2023 296 2071 ac
320 2001 438 2072 ιιίὶιιιὶ
458 2002 656 2074 umectabat
678 2001 846 2075 amicum
870 2001 952 2072 αιύι
976 1997 1235 2074 doctssct'mum
1341 2063 1345 2074 .

125 2099 318 2173 condicere
341 2104 520 2177 Αἴπυτον.
566 2102 767 2202 *Acceperat
799 2100 1019 2174 allindoriio
1051 2119 1124 2174 ennr
1151 2104 1235 2176 enni·

125 2223 199 2272 onrn
231 2217 305 2274 esse
337 2205 382 2275 A.
408 2201 615 2297 Seidlerum,
652 2203 712 2277 sed
742 2228 808 2276 non
840 2203 1030 2276 nominavit.
1092 2201 1234 2278 Scilicet

126 2293 299 2378 Seidlerus
325 2306 513 2378 acutissime
538 2314 573 2378 et
598 2330 715 2378 nomen
735 2305 846 2376 herois
867 2306 992 2401 requiri
1007 2305 1231 2400 intellexerat,

125 2409 258 2476 etcum
284 2407 657 2504 coniecerat'Aepytum
683 2429 769 2496 esse,
796 2428 891 2500 quern
917 2404 1118 2478 conditorem
1132 2406 1232 2479 Prie-
1348 2499 1354 2510 .

2 2509 6 2519 '
124 2527 186 2576 nae
217 2505 321 2578 fuisse
346 2505 469 2580 Strabo
495 2507 602 2580 XIV.
634 2533 670 2603 p.
695 2510 771 2584 633
803 2513 838 2578 et
862 2504 1046 2577 Pausanias
1079 2505 1167 2578 vll.
1192 2513 1230 2600 2,

125 2607 188 2680 10.
212 2614 425 2680 testarentur.
475 2607 667 2680 Boeokbius
700 2606 830 2702 quidem
862 2628 960 2700 quum
992 2606 1172 2699 cogitasset
1195 2609 1232 2680 iu
1433 2637 1443 2648 ·

2 2755 6 2767 ι
122 2707 421 2784 ΝΑΠΛΟΚΟΝ
440 2708 545 2779 latere
571 2730 669 2803 posse
694 2701 883 2792 Νάοκλον,
910 2725 1004 2799 quem
1029 2705 1079 2776 sic
1102 2702 1232 2784 Pansa·

2 2893 3 2899 ρ
121 2807 210 2899 nias,
236 2805 359 2880 Strabo
386 2815 493 2881 autern
518 2812 694 2882 Ναῦκλον
719 2807 858 2897 vocavit,
884 2803 988 2878 filiunt
1012 2803 1144 2899 Codri,¹
1174 2807 1244 2903 qui
1337 2835 1339 2841 ’

122 2909 197 3006 ipse
230 2931 358 3006 quoque
391 2909 499 2982 vicina
522 2909 665 2981 Prienae
698 2911 773 2981 loca
806 2907 963 2998 accessit,
1004 2906 1134 3002 tandem
1160 2909 1231 2982 reri

119 3010 323 3083 siibillirnti‘m
342 2997 416 3084 esse
429 3011 586 3086 iudicarit
598 3008 822 3108 ’Ἀνδροκλεν
838 3010 996 3107 scripturn
1010 3007 1125 3102 inisse,
1142 3010 1229 3106 quod

122 3111 271 3286 buli
284 3111 1250 3288 libb”bib„btl‘blibt‘nibbtb'titt'

122 3312 308 3407 Eleusinia,
334 3239 499 3389 Strabode
524 3325 609 3390 teste
632 3240 742 3388 itdv.
766 3240 896 3411 qu32
922 3338 993 3410 seq.
1014 3237 1226 3406 ¹ictinuerint,

122 3415 207 3488 unde
232 3416 268 3488 in
292 3417 356 3490 boo
379 3415 490 3514 lapide
508 3417 780 3514 Tbesntopboros
799 3417 1064 3488 'ammonerent
1113 3413 1227 3512 Egre-

42 3545 45 3556 ¹
85 3565 89 3572 -
122 3517 178 3613 gia
202 3516 499 3593 baec-coniectura
524 3526 588 3609 est,
615 3526 831 3614 poterantque
857 3518 889 3588 ei
913 3515 1090 3588 firmandae
1115 3517 1226 3590 afferri
1348 3572 1350 3576 .

122 3617 221 3692 etiarn
253 3619 335 3692 baec
365 3618 549 3710 Pausaniae
580 3620 679 3690 rerba
711 3617 933 3708 v1L2,6.
990 3613 1152 3710 Σαμίων
1184 3615 1226 3692 dd

121 3717 192 3816 ἤδη
216 3714 522 3816 κατεληλυθότων
547 3717 605 3793 tut
621 3716 670 3791 τὰ
691 3721 815 3808 οἰκεῖα,
843 3721 1069 3814 Πριηνεῦσιν
1084 3717 1226 3814 ἤμυνεν

123 3819 182 3894 ἐπὶ
206 3819 445 3920 τοὺςΚᾶρας
470 3819 744 3919 δ’Άνδροκλος,
773 3817 836 3893 καὶ
860 3825 1128 3915 essentessent
1148 3818 1275 3895 ‘Et-lii
1362 3877 1368 3882 -
1473 3903 1476 3910 ,

122 3926 287 4018 inemori*
304 3923 429 3998 ἔπεσεν
460 3925 501 3998 ἐν
533 3930 578 4018 τῇ
610 3917 722 4019 μάχῃ.
781 3922 943 3994 Androcli
974 3920 1077 4016 igitur
1106 3946 1225 3996 nornen

122 4045 220 4121 qunrn
243 4025 309 4098 isto
334 4025 593 4101 AHAOKON
601 4025 774 4098 *contineri
798 4023 893 4095 valde
917 4022 1086 4120 probabile
1111 4023 1225 4114 uidea-

121 4133 196 4217 tur,
231 4128 297 4198 iarn
322 4127 540 4224 quaerendum
572 4135 624 4199 est
656 4126 733 4223 quid
765 4125 838 4198 fieri
863 4125 980 4197 debeat
1002 4125 1071 4196 illis
1104 4115 1227 4200 ΥΙΟΣ
1334 4143 1342 4152 ·

121 4232 156 4300 A
163 4230 442 4304 ΥΣΤΟΝΟΕΝ.
492 4230 546 4301 Ac
566 4228 730 4303 Boeokbii
751 4228 939 4301 coniectura
960 4251 1018 4300 cur
1035 4225 1221 4322 displiceat,

123 4327 205 4403 dixi.
264 4328 312 4403 Gra
345 4315 538 4404 Diodoriius
571 4340 677 4403 autern
717 4330 803 4426 qnod
836 4328 1041 4403 scribendum
1072 4327 1220 4422 putabat,

123 4427 198 4513 olco
230 4432 320 4523 (nant
345 4429 422 4513 οἶος
444 4433 641 4530 typographi
666 4455 760 4503 error
784 4437 852 4527 est)
866 4439 868 4444 ’
883 4424 1098 4515 νυστάζων,
1130 4423 1221 4521 quia,

163 4545 277 4612 Hnun.
298 4546 355 4612 01».
375 4545 445 4614 vll.
990 4542 1018 4606 F
