3076 5046
388 315 437 374 DE
459 312 643 372 hnscflffl
665 313 853 375 Tulnoerrs
873 313 1072 376 THEBANlS.
1104 357 1107 365 ·
1232 313 1297 381 Μ

181 476 481 554 neroWoloherns
505 480 540 552 in
560 479 700 553 Dinmia
725 478 934 576 scholasticis
960 501 993 550 3.
1015 473 1129 556 1832.’
1149 503 1186 578 p.
1205 486 1292 557 124.

178 582 242 654 has
267 581 470 654 narrationes
497 591 686 679 separatam
717 591 755 654 ut
779 607 854 672 nos,
880 583 1051 678 accepisse
1076 581 1201 678 caniet,
1227 595 1292 678 ph-

180 691 333 779 tasseque
358 683 502 779 priorem
528 691 651 755 tantum
677 665 862 779 in'cyclica
879 682 1054 755 Thebaide
1068 683 1191 756 fuisses
1225 705 1292 782 qno

181 808 293 860 errore
320 785 417 856 etiam
444 783 658 859 Casanhonus
683 785 725 858 ad
739 785 946 858 Athenaeum
973 786 1101 878 (nescio
1129 811 1192 880 ego
1217 787 1289 882 uhi)

180 895 214 958 et
229 881 474 960 Valckenarius
500 887 639 960 alterum
663 887 801 959 istorum
823 887 1080 982 fragmentorum
1091 885 1289 962 Antimacho
1373 955 1378 962 .

178 987 384 1060 tribuendum
409 989 607 1083 putaverint,
635 1013 730 1086 quam
756 988 949 1062 sententiam
976 987 1040 1060 iam
1066 985 1291 1062 383131133-

177 1087 293 1196 hangio
319 1088 361 1161 ad
386 1090 614 1163 Antimachum
641 1115 676 1188 p.
704 1091 765 1166 79.
792 1115 866 1162 3333
891 1091 1133 1187 impugnatam
1173 1081 1217 1165 F.
1243 1091 1289 1162 A.

122 1193 128 1214 ⁸
177 1188 343 1262 Wofhum
378 1198 548 1287 utrumque
581 1191 797 1288 fragmentum
835 1201 870 1264 ut
903 1217 921 1263 3
957 1191 1083 1287 cyclica
1114 1190 1289 1264 Thebaide

177 1290 334 1363 edidisse.
374 1289 524 1364 Wollius
549 1294 632 1365 nihil
658 1295 699 1365 ad
725 1319 807 1386 nem,
835 1294 891 1390 qui
916 1295 980 1365 hoo
996 1302 1130 1366 tantum
1156 1293 1287 1389 agehntj

175 1402 214 1465 nt
238 1392 421 1489 fragmenta
445 1403 604 1490 poneret,
641 1417 723 1492 quae
756 1419 800 1468 ex
826 1393 950 1490 cyclica
977 1393 1150 1466 Thebaide
1177 1403 1290 1467 essent

174 1493 319 1594 prolata.
370 1489 636 1591 Schellenhergii
661 1506 768 1568 autem
795 1497 974 1592 disputatio
1001 1497 1096 1592 ualde
1118 1495 1201 1568 lenis
1222 1505 1286 1589 eat,
1396 1503 1398 1508 ’

176 1617 260 1691 qnae
284 1594 371 1666 redit
396 1619 450 1687 eo,
475 1604 513 1667 nt
538 1595 613 1692 plus
639 1599 741 1673 semel
768 1596 929 1668 deuouere
949 1597 1037 1669 filios
1053 1595 1288 1692 potneritOo-

42 1741 47 1747 ·
176 1696 293 1792 dipns:
336 1697 394 1769 sed
426 1705 533 1769 tamen
567 1698 631 1770 hoe
665 1697 724 1768 illa
756 1706 846 1769 recte
881 1697 986 1788 dixit,
1021 1721 1087 1768 non
1113 1697 1224 1770 uidere
1250 1723 1290 1770 se

175 1819 259 1896 qnae
285 1820 402 1870 caussa
426 1799 633 1895 potissimum
658 1797 742 1871 illud
775 1799 862 1896 quod
896 1799 981 1895 apud
1005 1799 1211 1870 Athenaeum
1236 1808 1289 1871 est

172 1899 403 1996 fragmentum,
430 1925 495 1972 non
520 1901 660 1972 alterum
688 1900 774 1998 apud
791 1901 1002 1973 scholiastam
1018 1894 1199 1998 Sophoclis
1213 1899 1288 1972 An-

173 1997 315 2073 timacho
341 2001 534 2074 uindicaret.
586 1999 728 2076 Scilicet
741 2000 986 2074 Valckenarius
1013 2002 1054 2074 ad
1069 2000 1200 2073 Phoen.
1220 2005 1285 2078 118.

172 2125 286 2174 versus
313 2105 353 2174 31)
375 2103 546 2176 Athenaeo
580 2112 728 2176 seruatos
761 2104 885 2176 indicta
918 2122 1034 2176 caussa
1068 2127 1111 2175 ex
1131 2103 1286 2176 Antima-
1322 2121 1326 2134 ·

173 2201 227 2274 chi
242 2202 416 2277 Thebaide
441 2229 478 2276 se
504 2206 582 2277 dare
608 2207 754 2302 scripsit.
807 2206 866 2296 nt,
894 2206 959 2277 nisi
985 2230 1048 2303 ogo
1075 2205 1286 2277 vehennentor

172 2304 291 2397 fallor,
323 2297 415 2377 rect'e
447 2306 633 2403 suspicatus
659 2317 712 2378 ert
736 2304 1050 2402 Schellenbergius‚
1085 2308 1169 2377 illnd
1197 2308 1285 2404 quod

171 2429 191 2477 3
214 2407 258 2477 nd
283 2404 494 2484 scholiastam
519 2391 700 2503 Sophoclis
733 2415 785 2478 est
816 2407 1033 2502 fragmentum
1048 2431 1131 2477 ·non
1157 2431 1198 2477 en
1225 2430 1286 2503 cy-

171 2431 276 2598 chm,
322 2507 380 2578 sed
422 2531 464 2579 ex
496 2507 686 2580 Antimachi
719 2531 793 2577 esse
834 2507 1008 2578 Thebaide
1042 2506 1332 2602 depromptumll

172 2601 337 2680 Testatur
361 2609 491 2702 quidem
517 2608 672 2702 cyclicam
699 2607 904 2677 Thebaidem
931 2605 1147 2692 scholiastes3
1180 2616 1286 2678 testa-¹

170 2717 226 2780 tur
251 2709 349 2780 etiam
364 2706 569 2780 Tricliniusa
605 2708 662 2778 sed
688 2708 828 2806 primum
853 2707 914 2778 hes
937 2727 1001 2802 ego
1024 2729 1087 2776 nun
1103 2697 1198 2794 duos,
1226 2708 1284 2778 sed

170 2833 270 2882 unum
303 2817 420 2880 testem
454 2833 527 2881 esse
560 2809 672 2881 credo.
724 2806 809 2880 Nam
843 2833 946 2910 quum*
967 2809 1097 2880 omnino
1125 2806 1285 2882 Triclinii

169 2910 398 2984 adnotationes
424 2912 464 2982 31)
490 2911 627 2984 scholiis
659 2909 734 2984 istis
765 2912 800 2982 in
835 2912 898 2983 hac
923 2909 1032 2981 fabula
1065 2909 1112 2980 ita
1139 2933 1204 2981 non
1229 2910 1285 2981 di-

169 3021 343 3111 aerepant,
383 3020 419 3084 ut
457 3023 635 3112 propterea
667 3013 808 3086 omissae
842 3014 909 3084 sint
942 3013 978 3082 in
1012 3011 1230 3087 Tricliniauis
1263 3037 1283 3084 a

168 3113 360 3206 Emathio,
403 3125 469 3188 tum
505 3117 558 3188 uel
590 3115 673 3189 illud
708 3122 818 3189 τοῦτο
850 3110 1108 3197 ἁπαξάπαντες
1143 3111 1178 3187 οἱ
1210 3113 1284 3209 πρὸ

78 3227 85 3232 ”
167 3211 276 3314 ἡμῶν
300 3214 610 3314 παραλελοίπασικ
635 3243 700 3289 non
726 3218 893 3312 antiquom
920 3217 1185 3314 grammaticum,
1220 3216 1282 3286 ned

168 3319 266 3390 istum
292 3341 353 3390 sna
378 3319 528 3390 doctrina
553 3319 749 3412 gloriantem
775 3317 974 3389 Triclinium
1000 3318 1124 3413 prodit.
1176 3311 1282 3388 Eius·

169 3420 306 3515 dcmqne
332 3419 464 3514 generis
489 3419 572 3488 illud
599 3441 727 3518 quoque
754 3426 818 3508 est,
846 3419 933 3513 quod
960 3414 1124 3513 Oedipum
1149 3443 1283 3514 μικρο-

167 3517 299 3618 ψύχως
329 3517 393 3593 καὶ
419 3517 547 3600 τελέως
573 3517 737 3619 ἀγεννῶς
770 3519 941 3591 devovisse
967 3519 1056 3590 filios
1089 3543 1167 3591 suus
1199 3544 1281 3617 pru·

167 3632 246 3720 pter·
263 3645 380 3694 coxam
396 3645 456 3719 pro
477 3621 614 3692 humero
631 3621 763 3691 missam
785 3620 949 3691 observat.
1010 3617 1075 3691 llis
1089 3643 1166 3691 uero
1182 3621 1282 3692 31133)

69 3783 72 3788 .
168 3723 251 3797 tales
277 3724 422 3795 auctoris
449 3721 658 3811 debilitatur,
685 3718 839 3816 credique
864 3720 962 3791 facile
987 3729 1117 3818 potest,
1150 3713 1283 3793 'fidoli-

112 3881 122 3900 2
166 3826 276 3918 nium,
304 3849 402 3922 quum
427 3837 471 3896 ex
497 3817 671 3895 'l'lnehoide
697 3846 762 3893 non
777 3823 955 3894 'nominato
980 3821 1142 3919 scriptore
1167 3823 1279 3896 afferri

167 3951 282 4002 uersus
298 3928 391 4000 ‘istos
418 3925 572 4014 vidisset,
607 3949 676 3996 eam
704 3924 859 4018 cyclicam
886 3947 959 3995 esse
986 3921 1189 3995 Thebaidem
1215 3947 1280 4020 pn·-

167 4030 311 4122 tonicae,v
328 4054 407 4120 non,
424 4053 517 4124 'qnae
544 4036 627 4118 erat,
653 4025 853 4098 Antimachi.
905 4023 980 4096 Nisi
1005 4026 1087 4096 illud
1104 4023 1280 4119 κυκλικὴν
1324 4091 1329 4100 .

167 4153 209 4204 ne
234 4130 428 4204 aTricfinii
454 4131 596 4227 qnidam,
624 4129 681 4201 sed
709 4130 749 4198 31)
775 4127 910 4200 lectoris
937 4127 1076 4200 alicuius
1099 4149 1195 4198 mann
1212 4135 1277 4197 est.

166 4231 354 4304 Antimaohi
386 4232 471 4305 enim
504 4231 587 4318 istos
616 4254 734 4310 ,vorsus
768 4253 841 4302 esse
874 4254 914 4303 eo
949 4241 1000 4302 est
1028 4229 1096 4300 veri
1122 4227 1275 4318 similius,

14 4327 22 4346 '
168 4333 256 4432 quand
280 4333 378 4406 etiam
403 4335 557 4408 dictionis
582 4357 687 4431 genus
712 4332 778 4403 tale
805 4339 875 4424 est,
916 4333 1012 4428 quale
1037 4330 1133 4426 huius
1158 4335 1276 4428 poetae
