3086 5050
231 211 297 284 aaa
475 213 614 278 onnrro
636 213 679 276 m
698 169 825 274 seems
846 211 1111 276 sucunnnrnus.

235 389 292 458 aut
329 381 364 455 in
399 380 668 482 superstitionem
701 373 871 454 deflectitr
914 403 1051 478 qnorum
1091 380 1231 454 alterum
1266 377 1355 454 nibil

192 555 195 564 ,
234 483 392 586 prodest,
427 486 567 558 alterum
598 489 710 556 nocet.
767 481 871 579 Atqui
900 505 1011 554 mores
1045 481 1122 579 quid
1157 488 1253 572 sunt,
1290 481 1355 554 nisi

236 589 291 680 id,
328 585 414 684 quod
439 586 619 761 proprium
644 585 699 658 rel
724 584 866 656 bominis
890 579 1050 681 cuiusque
1086 584 1138 657 vel
1164 584 1275 680 gentis
1302 584 1357 656 rel

236 689 351 788 populi
379 696 430 761 est
498 710 593 784 quern
626 687 785 784 populum
810 694 918 758 autem
943 710 1053 758 mores
1078 684 1219 776 babere,
1255 685 1357 758 immo

237 814 333 888 quem
359 814 433 863 esse
457 789 615 887 populum
642 789 807 879 dicamus,
833 787 898 860 nisi
924 811 1010 878 eum,
1041 787 1137 884 quem
1163 786 1264 884 patrii
1288 787 1359 860 soli
1499 847 1506 861 .

238 893 360 966 caritas
391 899 428 964 et
457 890 633 964 aemulatio
667 891 823 962 maiorum
858 890 1055 962 concordem
1088 889 1206 963 lecerit
1236 888 1271 960 iu
1301 889 1359 960 sui

96 1055 101 1060 .
237 994 379 1066 nominis
415 991 576 1090 dignitate
608 992 852 1084 conservanda,
886 991 1026 1081 tuenda,
1062 981 1241 1087 augenda?
1299 989 1360 1062 Ex

193 1107 199 1116 '
239 1117 304 1192 quo
339 1093 571 1190 consequitur,
608 1094 637 1166 si
670 1101 761 1165 recte
796 1091 869 1190 pios
902 1115 977 1164 esse
1007 1083 1158 1165 homiues
1192 1093 1358 1184 volumus,

238 1197 378 1296 primum
405 1195 547 1269 omnium
573 1195 752 1268 curandum
777 1219 871 1287 esse,
898 1202 936 1266 ut
957 1190 1085 1290 possint
1110 1194 1159 1292 pii
1178 1217 1267 1285 esse,
1293 1195 1360 1266 boe

240 1308 355 1372 estut
381 1320 484 1393 aeque
509 1297 550 1368 ab
577 1296 730 1370 socordio
761 1297 847 1368 nibil
878 1296 1061 1368 reverentis
1086 1294 1234 1368 levitatis
1260 1303 1360 1392 atquo

239 1422 404 1472 aeaecae
431 1399 677 1496 superstitionis
703 1397 877 1495 torpedine
903 1398 944 1469 ad
971 1421 1043 1470 eam
1069 1398 1279 1470 severitatem
1298 1398 1362 1468 ad·

94 1531 99 1538 ·
240 1501 413 1593 ducantur,
439 1524 483 1572 ex
509 1523 574 1597 qua
597 1501 705 1598 primo
732 1523 861 1592 mores,
888 1498 1020 1592 deinde,
1051 1498 1107 1594 qui
1132 1498 1260 1572 fruetus
1286 1523 1363 1571 mo-

239 1625 312 1676 rum
345 1609 417 1695 est,
454 1601 580 1698 pudor,
614 1602 831 1693 uerecundia,
867 1600 994 1698 pietas,
1028 1599 1148 1697 religio
1183 1601 1362 1697 prodeant.

241 1703 339 1796 Quod
372 1704 403 1776 si
427 1727 536 1776 mores
568 1704 683 1802 populi
708 1704 742 1775 in
769 1711 963 1776 conservata
989 1702 1059 1774 eius
1085 1704 1221 1800 propria
1246 1701 1362 1774 indole

225 1814 438 1897 *carnuntum
468 1806 592 1878 nullum
621 1806 729 1903 aptius
755 1829 817 1878 neo
843 1805 1011 1902 potentins
1037 1804 1188 1902 praeberi
1215 1805 1363 1878 moribus

134 1927 136 1936 ·
239 1908 473 1980 nutrimentum
498 1915 629 2005 potest,
666 1931 763 2004 quam
796 1907 923 2004 patriae
957 1907 1078 1979 oam'tas
1112 1914 1146 1977 et
1171 1905 1363 1978 recordatio

241 2010 413 2081 maiorum.
462 2008 498 2079 A
522 2009 700 2082 maioribus
726 2009 813 2082 enim
839 2016 874 2080 et
900 2008 1008 2104 glorie
1029 2006 1068 2078 ad
1086 2007 1231 2081 minores
1249 2014 1365 2080 trans-

223 2108 402 2200 sfunditus,
426 2116 464 2180 et
489 2133 561 2180 cum
587 2111 696 2206 gloria
721 2109 936 2180 admoventur
961 2109 1086 2180 stimuli
1111 2109 1154 2208 ad¹
1177 2109 1269 2207 paris
1285 2109 1364 2180 lan-

243 2209 295 2282 dis
329 2210 603 2308 appetitionemu
645 2209 763 2306 Itaque
796 2211 850 2282 vel
890 2209 975 2308 apud
1012 2207 1168 2282 barbaras
1204 2217 1239 2283 et
1272 2209 1387 2284 ieras-

243 2318 361 2410 gentes
387 2311 610 2384 admirabilem
638 2312 809 2410 quamdam
837 2318 871 2384 et
897 2313 1048 2384 virtutem
1075 2319 1110 2383 et
1134 2313 1292 2410 pietatem
1319 2335 1385 2384 ex,

244 2438 285 2486 eo
312 2421 417 2486 ortam
443 2437 517 2486 esse
544 2413 703 2506 videmus,
729 2414 818 2510 quod
844 2413 908 2486 lilii
933 2413 954 2485 a
977 2414 1126 2510 patribus
1152 2414 1253 2486 fortia
1275 2413 1367 2487 iacta

244 2514 404 2587 maiorum
430 2515 617 2608 audiebant,
642 2518 751 2613 iisque
776 2516 1046 2608 inoendebantur,
1072 2523 1110 2587 ut
1135 2515 1295 2588 aemulari
1319 2516 1367 2587 il-

244 2617 298 2689 los
338 2637 403 2688 neo
432 2641 507 2690 sese
544 2617 726 2715 degeneres
763 2619 903 2715 reperiri
937 2617 1187 2690 contenderent.
1243 2617 1367 2690 Avidis

246 2717 417 2792 animilia
443 2718 576 2792 auribus
603 2721 827 2816 accipiuntur,
861 2717 1043 2816 infiguntur
1068 2720 1205 2812 animis,
1239 2719 1368 2792 caleia-

247 2819 337 2893 cinnt
362 2828 518 2916 pectora,
546 2829 719 2895 versantur
744 2829 820 2894 ante
847 2823 983 2913 oculos,
1017 2829 1211 2920 repetuntur
1237 2845 1368 2894 senno·

167 2971 170 2987 .
247 2920 357 3014 nibus,
382 2922 417 2992 in
433 2922 527 3019 ,ipsis
553 2932 714 3020 apparent
738 2924 819 2996 risis
845 2924 1057 2996 somniorum.
1107 2923 1161 2995 Ad
1184 2923 1272 2995 bunc
1292 2948 1369 2995 mo-

248 3023 323 3095 dum
357 3023 387 3095 si
412 3025 563 3120 aprima
588 3033 696 3097 aetate
729 3034 805 3097 ante
831 3026 941 3098 omnia
972 3026 1051 3122 quid
1083 3034 1191 3097 aetum
1217 3035 1368 3122 gestum-

249 3147 313 3222 que
345 3148 365 3204 a
399 3126 577 3198 maioribus
612 3135 702 3199 esset
734 3151 846 3199 omnes
883 3127 1094 3218 doceremur,
1137 3127 1236 3224 idque
1268 3125 1367 3198 lieret

250 3247 345 3321 quam
372 3225 631 3321 explicatissima
657 3236 692 3300 et
717 3227 970 3320 studiosissime,
998 3237 1033 3300 ut
1059 3239 1094 3300 et
1119 3228 1320 3301 disceremus
1347 3251 1369 3298 a

121 3352 124 3370 ·
251 3327 368 3424 quilius
395 3327 460 3400 orti
487 3352 653 3423 essemus,
689 3339 723 3404 et
748 3331 842 3403 locos
869 3354 1079 3402 nosceremus
1103 3330 1288 3427 insignibus
1314 3328 1370 3401 ia·

251 3430 315 3501 ctis
340 3430 551 3522 nobilitatos,
586 3440 620 3503 et
644 3433 776 3503 nomina
801 3432 980 3528 laudesque
1006 3455 1198 3528 magnorum
1224 3433 1369 3506 nationis

250 3539 384 3604 nostrae
409 3531 552 3604 virorum
580 3535 736 3606 memoria
761 3543 946 3609 teneremus
972 3544 1069 3630 atqua
1095 3535 1129 3606 in
1151 3558 1209 3607 ore
1227 3535 1370 3606 babere·

251 3653 342 3703 nnusa
377 3633 417 3703 ab
449 3633 523 3730 ipsa
555 3635 698 3731 pueritia
731 3635 853 3730 aliquid
881 3647 917 3707 ut
943 3659 1116 3732 magnum,
1152 3642 1189 3707 ut
1214 3636 1369 3734 praeela-

251 3757 337 3824 rnm,
364 3740 400 3805 ut
426 3737 595 3828 eximium,
623 3745 821 3808 utsanctum
841 3738 991 3809 venerari
1009 3737 1223 3828 disceremus,
1251 3762 1369 3834 quum·

119 3905 123 3916 ,
253 3858 316 3934 que
348 3857 414 3906 non
448 3836 629 3910 deteriores
659 3863 720 3910 nos
748 3825 925 3912 maioribus
949 3849 1120 3936 praestare
1147 3839 1367 3930 studeremus,

253 3936 361 4034 pudor
385 3959 445 4010 non
472 3939 512 4010 ab
538 3941 685 4032 levitate,
713 3940 753 4011 ab
778 3940 923 4038 ignavia,
951 3966 971 4012 a
996 3942 1225 4034 protervitate,
1253 3952 1371 4014 asce-

254 4039 325 4109 lere
351 4036 552 4132 deterreret,
586 4042 793 4137 reuererique
820 4041 906 4137 quod
933 4053 1082 4114 sanetum
1107 4053 1196 4115 esset
1222 4043 1371 4116 adsuetis

201 4143 204 4154 ’
255 4139 352 4211 etiam
378 4140 438 4212 illa
464 4164 546 4238 quae
573 4166 645 4215 curn
672 4143 833 4240 religione
860 4153 894 4217 et
918 4145 1016 4216 rebus
1038 4137 1158 4218 divinis
1180 4145 1372 4217 consociata

256 4248 308 4314 est
331 4239 452 4337 pietas,
478 4267 582 4340 eaque
596 4267 685 4338 ¹poro
712 4253 746 4317 et
773 4245 893 4338 valida,
919 4270 985 4318 non
1010 4244 1096 4317 salsa
1120 4254 1156 4319 et
1172 4245 1304 4339 debilis,
1332 4269 1371 4346 se
