3076 5046
260 361 323 430 rra
534 329 833 438 ’ΜΕΝΕΕΕιοΝΕΕ
854 327 1089 422 emonensis

160 541 167 555 ‘
260 525 375 632 φόρος
401 533 435 601 ΕΙ
460 522 605 614 ἀοιδαί,
640 527 780 600 modo
769 551 844 624 ipse
874 527 909 600 in
935 526 1096 625 exemplis
1121 549 1195 600 esse
1220 536 1369 623 possent.

259 633 307 705 At
337 638 488 702 neutrum
520 628 663 725 eoeipio.
722 625 831 702 Nam·
840 625 1031 749 διιοςφόρος
1062 627 1181 702 Istum.
1206 627 1280 702 ΠΙ.
1304 633 1369 704 42.

261 730 347 831 (lv.
364 734 445 829 46.)
472 753 574 826 aeque
599 731 749 827 ignotum
767 728 918 804 Graeois
934 740 987 804 est
1007 729 1080 803 at'
1060 723 1261 829 ηωςφόρος.
1296 729 1371 805 Neo

260 859 374 908 verum
399 840 470 922 est,
506 831 593 927 quod
618 831 699 908 dicit
714 830 771 903 ibi
795 819 1034 925 ΒΕΕΕΙιΙιίΕΕ,
1031 834 1246 930 ἑωςφόρος,
1282 831 1371 931 quod

261 934 348 1034 apud
387 933 598 1007 scholiastarn
628 934 775 1052 legitur,
814 959 881 1008 nou
916 936 1043 1053 magis
1060 933 1263 1064 probandum
1295 959 1370 1008 esse

172 1027 175 1040 ¹
261 1062 359 1134 quam
382 1030 482 1118 λεώς.
532 1034 679 1108 Multum
710 1036 854 1108 interest
875 1037 987 1110 enim:
1018 1033 1106 1118 λεώς
1129 1036 1263 1108 Attieae
1297 1036 1371 1108 dia·

260 1139 342 1212 lecti
367 1136 475 1236 est,
457 1131 640 1235 Εωςφόρος
663 1137 729 1209 iarn
754 1138 794 1208 ab
819 1137 969 1214 Homero
991 1129 1092 1210 Iliad.
1109 1135 1259 1212 XXlH.
1280 1141 1370 1214 226.

262 1229 403 1316 dietume
440 1246 478 1311 ΕΙ
509 1262 549 1310 eo
582 1239 632 1311 uti
656 1236 864 1311 Pindarus
852 1265 925 1312 rure
958 1265 1018 1314 suo
1043 1241 1233 1337 potuerit.
1229 1237 1370 1336 Ἀοιδὴ

261 1351 369 1417 autem
396 1340 460 1414 etsi
484 1339 597 1413 Attice
623 1336 702 1436 ᾠδὴ
735 1340 874 1434 dieitur,
911 1350 1019 1415 tamen
1051 1365 1157 1438 neque
1190 1341 1230 1412 ΕΙ)
1264 1342 1369 1438 epieis

261 1466 412 1539 umquam
438 1466 543 1537 neque
570 1441 609 1512 ab
635 1442 747 1538 lyriois
768 1450 970 1515 eontraotum
990 1444 1073 1517 est
1062 1469 1097 1516 ΕΝ
1115 1443 1195 1515 duas
1212 1443 1369 1538 syllabas.

261 1545 305 1618 In
335 1543 477 1617 Hesiodi
511 1543 645 1639 Theog.
678 1568 713 1615 ι.
745 1546 808 1618 48.
844 1544 1088 1641 imperitissime
1124 1569 1144 1616 a
1178 1544 1370 1640 quibusdam

261 1647 387 1720 oritieis
413 1643 555 1718 admissa
581 1668 620 1716 ea
645 1646 827 1719 contractio
853 1655 917 1718 est.
967 1645 1052 1718 Dixi
1078 1646 1118 1718 de
1144 1671 1184 1718 eo
1208 1669 1309 1718 >versu
1333 1646 1370 1718 in

260 1771 399 1822 oensem
423 1747 577 1819 editionis
597 1743 881 1844 Goettlingianae.
931 1748 1029 1845 Apud
1055 1747 1234 1821 Pindarum
1261 1756 1370 1821 autem

259 1848 357 1924 Nem.
382 1847 454 1920 XI.
481 1851 542 1922 18.
569 1847 666 1946 (23.)
700 1850 753 1920 vel
785 1850 989 1922 oonoinuitas
1024 1851 1182 1922 orationis
1207 1850 1368 1947 postulat,

238 1959 309 2043 ut,
336 1950 423 2047 quod
447 1950 483 2020 in
509 1948 739 2021 dissertatione
765 1949 807 2022 de
825 1949 966 2024 dialecto
984 1951 1121 2024 Pindari
1138 1951 1278 2044 oonieoi,
1303 1948 1370 2044 μέ-

258 2059 334 2126 λειν
358 2052 399 2124 ἐν
425 2047 570 2130 ἀοιδαῖς
596 2074 658 2145 pro
683 2047 873 2145 μελιζέμεν
899 2050 1044 2135 ἀοιδαῖς
1072 2053 1247 2124 scribatur.
1295 2051 1369 2124 Re·

248 2153 321 2225 ldao
349 2150 576 2246 adPythioum
603 2174 745 2242 parmen,
772 2153 807 2224 in
833 2177 915 2248 quo
924 2154 971 2225 lat
937 2161 1031 2240 ateor
1052 2157 1172 2229 λαοῖσι
1195 2155 1253 2226 vix
1269 2177 1368 2252 posse

260 2278 334 2327 oum
359 2253 424 2325 alio
450 2252 610 2324 voeabulo
633 2253 837 2324 commutari.
887 2255 935 2327 At
957 2265 1071 2356 potest
1088 2252 1254 2354 Σερίφῳ.
1290 2254 1368 2328 Non

259 2355 345 2428 enim
345 2378 454 2473 opus
481 2361 553 2425 erat
576 2355 706 2425 nomine
731 2355 879 2449 insulae,
907 2382 1004 2452 quum
1030 2358 1140 2430 statim
1164 2356 1370 2476 Pplpdeetao

259 2455 444 2530 convivium
469 2464 751 2540 commemoretur.
801 2455 918 2554 Itaque
945 2457 1101 2558 Σερίφῳ
1133 2484 1177 2532 ex
1201 2459 1367 2556 iuterpre-

257 2558 384 2632 tatione
411 2564 517 2630 ortum
543 2556 656 2648 oredo,
682 2558 826 2655 expulso
852 2561 919 2632 alio
937 2562 1129 2634 voeabula.
1159 2560 1201 2632 Id
1221 2587 1287 2634 nun
1304 2560 1367 2632 luit

259 2655 378 2733 radten:
411 2659 476 2732 hoo
501 2658 588 2730 enim
613 2659 723 2732 dativo
741 2661 938 2764 abstinuisse
961 2663 1088 2735 videtur
1106 2661 1284 2754 Pindarus,
1310 2661 1367 2758 qni
1468 2711 1474 2724 ·

134 2816 138 2834 ι
163 2761 364 2862 lSneque
398 2755 499 2833 πόλει
521 2760 669 2832 Attioum
699 2759 806 2858 neque
830 2761 980 2837 Ionicum
1006 2759 1107 2851 πόλι,
1142 2788 1247 2860 neque
1271 2765 1367 2836 inve-

257 2871 388 2936 nustum
408 2855 509 2935 πόλιΙ·
531 2861 751 2959 usurpandum
773 2864 942 2937 iudicavit.
915 2865 1196 2992 thapropter
1210 2865 1301 2939 boo
1290 2890 1365 2962 rpso

257 2965 306 3036 in
325 2962 467 3035 carmine
498 2987 532 3034 u.
559 2966 621 3040 26.
656 2965 751 3062 (46)
785 2989 846 3060 pro
879 2962 1000 3093 παρὰ.
1013 2961 1217 3062 καλλιχόρῳ
1250 2963 1365 3054 πόλει,

148 3089 151 3097 ·
258 3089 355 3160 quum
381 3071 416 3136 et
436 3062 631 3138 scholiastes
653 3073 687 3137 et
703 3066 767 3136 duo
790 3065 921 3137 codioes
938 3061 1046 3139 πόλιν
1062 3067 1251 3162 praebeant,
1278 3068 1367 3140 sori·

257 3166 397 3240 bendum
412 3165 477 3237 erit
482 3164 592 3276 παρδι
606 3161 824 3262 καλλίχορον
837 3161 955 3274 πόλιν.
989 3166 1101 3241 Multo
1116 3168 1221 3266 igitur-
1234 3168 1365 3268 aptiore

257 3291 331 3359 eum
356 3263 488 3340 verbo
481 3269 654 3365 scripsisse
678 3275 778 3364 puto:

121 3483 139 3536 '.
253 3480 257 3494 ,
382 3405 523 3516 ΕΙναλίρι
547 3447 586 3493 τε
611 3415 725 3518 πέτρα
750 3415 871 3494 λαοῖσί
895 3447 934 3494 τι
958 3423 1096 3520 μοῖραν
1121 3393 1261 3525 ἄγων.

255 3567 374 3644 Fidem
398 3569 479 3644 feeit
503 3569 624 3698 Strabp
642 3571 695 3644 X.
684 3597 757 3696 .p.
744 3575 861 3647 .487.
887 3569 985 3647 οὕτω
1010 3571 1092 3648 d'³
1075 3572 1153 3648 Εστι
1176 3566 1364 3672 ιιιτριδδής

255 3701 274 3747 ι
289 3679 433 3800 νῆσος,
470 3671 563 3748 ὥστε
595 3671 666 3748 ὑπὸ
690 3701 760 3770 της
784 3670 970 3776 Γοργόνος
994 3703 1104 3750 τουτο
1129 3677 1269 3751 παθειν
1294 3675 1363 3752 αὐ-

255 3767 324 3870 τήν
349 3797 466 3872 φασιν
491 3803 526 3849 οι
515 3773 826 3894 κωμιμδοῦντες.
1008 3838 1013 3846 .

151 3879 154 3882 ’
356 3874 399 3949 Iu
423 3877 489 3950 fine
514 3877 666 3950 carminis
690 3877 789 3964 laudo
817 3878 903 3974 quod
927 3877 1153 3952 Boeokbius
1142 3905 1177 3951 m
1197 3875 1363 4006 Explica·

256 3977 400 4052 tionibus
425 3978 467 4049 ad
494 3978 656 4073 vulgatam
682 3979 879 4077 scripturum
900 3979 1053 4073 rediit,d
1053 3978 1138 4055 κδε
1159 3975 1369 4080 τελιιιτοίσειΥ

256 4089 291 4154 ΕΙ
315 4075 489 4174 destante:
522 4078 581 4150 sed
612 4079 750 4152 debebat
782 4082 880 4154 etiam
906 4082 945 4152 ab
972 4082 1151 4157 scholiasta
1175 4081 1211 4152 'et
1236 4082 1362 4154 duobus

112 4233 114 4238 s
256 4181 424 4256 oodioibus
446 4148 656 4252 ΕΙΙΙΕΙΕΕ)
618 4208 661 4253 το
687 4177 728 4254 δὲ
753 4177 1005 4300 μόρσιμον
965 4210 1010 4256 ov
1034 4178 1255 4279 πάρφυκτον
1273 4181 1362 4257 reoi-

255 4307 349 4381 pere.
410 4279 498 4354 Nam
531 4282 618 4401 quod
654 4279 690 4353 id
727 4285 833 4355 minus
865 4286 1035 4380 eleganter
1070 4283 1193 4356 dietum
1220 4286 1362 4384 putabat

208 4459 212 4470 ,
256 4409 351 4481 quam
376 4383 465 4480 quod
490 4383 627 4458 caeteri
636 4383 714 4456 libri
737 4385 859 4458 habeut
878 4379 921 4459 τό
942 4411 983 4485 γι
998 4377 1196 4536 μόρσιμον,
1221 4411 1285 4462 non
1308 4393 1390 4484 est·
