3076 5046
310 407 376 476 ιιι
528 411 578 472 on
600 396 785 472 loscnrcr
806 411 994 472 rnmocns
1012 410 1214 470 ιιιιιιιιιιι.
1266 441 1270 445 -
1357 429 1360 432 -

310 571 458 672 κόρδαξ.
511 577 607 670 Quod
633 579 663 651 si
683 577 842 676 Hesyclii
866 576 1088 650 testimonium
1114 565 1223 668 cadit,
1256 575 1340 649 oilil
1365 603 1428 650 re·

182 743 185 747 .
274 721 278 736 ·
311 679 489 774 linquitur,
528 703 591 776 quo
619 681 792 776 satyricam
816 679 958 766 fabulam
984 679 1087 751 fuisse
1112 678 1257 776 Argivos
1284 703 1428 752 censea-

311 805 396 852 mus.
446 778 541 853 Nam
558 805 651 878 quem
678 805 807 854 versum
832 780 1061 878 Harpocratio'
1085 781 1121 854 in
1150 777 1287 877 χιῆδος
1311 781 1425 875 affert,

437 929 500 1005 καὶ
524 929 645 1006 παλτὰ
669 928 881 1052 κριγκιίληια
906 917 969 1008 iat
990 929 1133 1028 χλῆδον
1156 921 1312 1028 βαλών)

312 1085 346 1156 in
373 1108 436 1180 qno
454 1082 613 1158 Valesius
638 1085 844 1158 scribendum
870 1085 1005 1181 potabat
1032 1080 1095 1157 καί
1120 1077 1226 1157 ιιιίλτο
1257 1077 1425 1184 ἀναγκύ-

313 1193 416 1282 λητα,
442 1186 472 1258 is
498 1186 581 1258 nihil
607 1187 771 1278 continet,
799 1187 884 1282 quod
912 1210 931 1256 a
957 1185 1118 1281 gravitate
1144 1185 1335 1282 tragoediae
1362 1187 1425 1258 ab·

312 1288 448 1362 lrorrere
474 1287 634 1360 videatur.
686 1288 752 1380 Qui
776 1312 891 1359 versus
916 1287 945 1358 oi
971 1287 1177 1359 Bceckhinm
1203 1286 1359 1380 adduxit,
1386 1295 1424 1359 ut

313 1391 410 1464 etiam
442 1390 520 1461 illos
546 1414 679 1480 versus,
716 1413 799 1485 quos
823 1390 1014 1460 Athenaeus
1039 1386 1072 1460 Ι.
1104 1413 1141 1486 p.
1168 1392 1229 1464 17.
1262 1388 1333 1460 eine
1360 1413 1425 1460 no-

312 1491 399 1564 mine
425 1490 555 1562 fabulae
581 1491 744 1583 servavit,
772 1490 814 1561 ad
838 1489 984 1586 Argivos
1009 1489 1167 1563 referret:
1194 1489 1304 1563 estid
1332 1491 1424 1564 eius·

313 1592 420 1683 modi,
457 1601 494 1664 nt
517 1595 624 1690 possit
650 1617 761 1665 serum
785 1616 881 1683 csse,
918 1591 947 1663 si
972 1592 1084 1663 fabula
1108 1591 1171 1664 suit
1196 1592 1357 1687 satyrica3
1391 1593 1422 1665 si

242 1760 246 1767 .
312 1719 377 1767 non
404 1693 479 1786 luit,
504 1719 570 1766 non
595 1697 714 1792 possit.
765 1691 940 1766 Sumarnns
967 1718 1053 1766 nunc
1077 1692 1280 1789 tragoediam
1305 1693 1420 1786 inisse,

149 1857 162 1876 ,
313 1806 350 1868 ιι
375 1795 560 1868 Welclrero
592 1797 731 1894 placuit.
787 1795 877 1869 Turn
912 1819 990 1867 vcro
1022 1820 1088 1866 non
1121 1794 1284 1867 videbitur
1316 1797 1422 1892 prima

179 1899 181 1902 ’
305 1897 467 1995 trilogiae
492 1897 607 1990 luisse,
633 1905 810 1995 propterea
836 1895 955 1994 quod
939 1924 980 1971 ιν
997 1893 1173 1998 Ἀργείοις
1189 1894 1337 1993 Capanei
1354 1897 1423 1968 lol-

312 2000 399 2070 mine
433 2000 583 2116 percussi
616 1999 814 2070 mentionem
845 1998 966 2070 factam
999 2000 1197 2095 accepimus.
1255 1997 1330 2090 Quo
1357 2000 1422 2072 etsi

312 2101 454 2172 fortasse
487 2100 585 2171 etiam
611 2095 855 2194 ἀπόσκημμα,
895 2098 983 2196 qood
1007 2097 1096 2194 Hesp
1101 2098 1239 2172 elrius'
1220 2098 1423 2224 coniectorem

311 2202 560 2296 interpretatur,
585 2201 704 2272 referri
728 2210 858 2297 potest,
892 2211 999 2272 tamen
1025 2225 1130 2297 neque
1155 2202 1238 2274 lnaec
1265 2227 1330 2274 vox
1355 2211 1422 2275 notr
1473 2255 1478 2274 ,

313 2303 410 2374 etiem
437 2303 503 2374 alio
530 2302 717 2398 significatu
750 2303 816 2375 dici
848 2303 977 2422 potuit,
1013 2311 1046 2374 et
1077 2303 1227 2377 illudio
1245 2301 1423 2406 Ἀργείοις

312 2404 360 2475 ita
386 2414 618 2502 comparatum
632 2413 695 2496 est,
722 2412 758 2476 ut
782 2405 925 2501 possit
913 2405 1018 2500 rpsius
1043 2414 1162 2500 poetae
1188 2406 1296 2477 verbis
1316 2405 1422 2477 adnu-

312 2506 452 2577 merari:
484 2531 548 2602 quo
574 2458 695 2604 peribit
720 2527 837 2577 nomen
863 2505 1005 2597 fabulae,
1032 2505 1311 2603 fragmentumque
1336 2507 1422 2580 illud

279 2678 283 2684 .
312 2607 370 2678 alii
395 2607 601 2680 tribuendum
627 2609 691 2679 erit
715 2607 918 2703 tragoediae.
969 2607 1024 2679 De
1043 2631 1082 2679 eo
1103 2608 1207 2705 igitur
1222 2608 1421 2706 fragmento,

313 2709 388 2806 qnia
412 2709 503 2783 lmllo
528 2708 624 2782 modo
650 2716 762 2806 potest
787 2733 829 2781 ex
847 2709 953 2806 prima
969 2709 1123 2806 trilogiae
1142 2709 1314 2807 tragoedia
1330 2735 1422 2784 sum·

249 2901 257 2912 .
311 2819 403 2908 ptum
429 2835 522 2902 esse,
557 2810 645 2881 infra
671 2833 846 2907 exponam.
906 2809 1004 2884 Nono
1036 2813 1117 2883 satis
1143 2811 1241 2883 habui
1266 2835 1307 2884 ea
1331 2821 1421 2886 attu-
1533 2901 1534 2910 ρ

231 2925 240 2932 ·
311 2913 406 3004 lisse,
432 2911 617 3008 exquibus
641 2920 840 3010 appareret,
866 2937 933 2985 non
958 2935 1038 2984 sane
1061 2913 1193 2986 invictis
1219 2915 1420 3010 argumentis

313 3023 369 3086 aut
393 3039 455 3112 pro
480 3013 621 3107 satyrica
646 3014 757 3085 fabula
781 3012 947 3086 habendos
981 3034 1054 3086 esee
1079 3013 1245 3112 Argivos,
1278 3024 1353 3107 aut,
1391 3015 1419 3089 ei

312 3114 375 3186 loit
400 3114 591 3210 tragoedia,
628 3117 847 3212 posteriorem
879 3115 1057 3213 putandam
1088 3140 1184 3212 qoam
1208 3114 1346 3213 Septem
1378 3117 1420 3190 ad

189 3215 463 3313 19Tlrebas.
513 3214 633 3289 Restat
657 3225 694 3288 ut
721 3215 938 3308 adiiciam,
911 3241 981 3289 erre
1007 3219 1149 3313 satyrica
1172 3218 1288 3290 luit
1261 3242 1331 3289 srve
1348 3227 1420 3292 tra·

311 3315 450 3415 goede,
476 3341 518 3390 ne
544 3318 740 3391 denomino
766 3318 895 3415 quidem
922 3319 1003 3392 satis
1027 3328 1193 3392 constare.
1243 3317 1286 3391 In
1309 3320 1420 3394 indice

311 3417 491 3490 fabularum
517 3428 633 3492 vocata
659 3429 710 3493 est
727 3419 903 3549 Ἀργεῖοι,
936 3445 1074 3518 quocum
1100 3421 1246 3494 concinit
1268 3421 1352 3493 illud
1378 3423 1419 3495 de
1533 3441 1534 3446 ’

181 3541 184 3548 ’
312 3545 377 3618 qno
409 3521 506 3592 modo
540 3522 737 3594 dicebam’
721 3549 762 3596 ιιι
779 3520 973 3624 Ἀργείοις,
1010 3524 1039 3594 si
1063 3523 1100 3593 id
1124 3523 1349 3619 grammatici,
1386 3531 1420 3595 et
1533 3535 1534 3600 ι

181 3647 182 3650 ’
311 3646 376 3694 ιιι
397 3622 555 3720 Aeschyli
577 3632 641 3695 est.
692 3621 847 3697 Concinit
873 3626 983 3716 etiam,
1009 3624 1089 3697 licet
1112 3633 1316 3721 corruptum,
1334 3624 1419 3718 Ἀρ·-

309 3721 451 3825 γυρίοις
474 3723 566 3820 Hesp
568 3725 675 3797 clrii'
664 3749 699 3796 m
732 3723 910 3822 ἐμιιίλειιι.
967 3725 1090 3798 Editur
1113 3722 1289 3826 Ἀργείοις
1320 3727 1419 3799 etiam

311 3825 397 3922 apud
423 3824 753 3924 Harpocrationem
743 3854 777 3899 m
799 3827 953 3922 χιῆιιος,
980 3825 1038 3900 sed
1064 3836 1198 3901 auctore
1223 3827 1417 3919 Maussaco,

313 3926 397 4023 qnod
425 3936 540 4000 contra
565 3951 646 4026 quos
673 3937 740 4000 tres
767 3928 898 4000 codices
924 3928 1064 4000 contulit
1088 3929 1277 4022 Bckkeros,
1304 3953 1418 4002 comm

313 4029 376 4102 duo
394 4027 459 4126 Ἀρ
437 4027 593 4131 ργιίαις,
619 4029 735 4100 tertius
762 4051 835 4100 com
859 4030 982 4101 Aldina
998 4027 1161 4131 Ἀργίαις
1185 4031 1324 4104 labent.
1358 4031 1418 4102 dc·

159 4137 166 4152 ‘
310 4131 408 4230 nique
444 4129 529 4228 apud
555 4129 806 4224 Hesyclinm
796 4154 831 4200 m
864 4125 1089 4258 ἀπόσκημμα
1120 4129 1229 4260 codem
1254 4128 1417 4288 Ἀργίας,

174 4255 177 4268 ’
308 4231 468 4306 Mosums
494 4237 528 4302 ιι
551 4227 736 4304 Fauorinus
757 4227 913 4332 Ἀργείᾳ.

394 4331 521 4404 Venio
555 4328 618 4402 ad
616 4331 751 4403 tertiam
776 4334 991 4431 tragoediam.
1029 4332 1093 4407 Ac
1117 4326 1326 4410 memorabile
1352 4341 1415 4427 cst,

310 4433 432 4528 quod
422 4458 457 4503 m
482 4431 619 4530 Septem
643 4431 686 4504 ad
711 4431 847 4509 Thebas
872 4445 1005 4534 praeter
1034 4435 1153 4509 iratres
1184 4448 1296 4574 mutua
1320 4462 1416 4510 manu
