3070 5048
211 1365 669 1496 APOLblNll
722 1385 837 1495 ΕΤ
897 1381 1190 1566 DIANA
1262 1381 1267 1414 ²

221 1603 225 1609 ·
407 1613 967 1722 ¹rnusrosrnurou

602 1850 805 1862 -ι--ι-ι-..ιι-η

59 2141 60 2144 ,
143 2017 332 2129 ostensum
358 2052 446 2129 ost
434 2081 470 2130 m
493 2055 607 2156 priore
631 2064 727 2156 parto
752 2055 850 2130 huius
876 2055 1243 2150 commentationis,a
1208 2051 1261 2130 ia·
1332 2080 1338 2094 ·

143 2159 222 2230 bula
246 2158 325 2249 illa,
363 2183 426 2255 qua
450 2157 585 2232 Latona
618 2159 840 2234 continentem
866 2167 965 2258 atquo
990 2159 1116 2234 insulas
1141 2184 1262 2257 perua-

144 2267 263 2357 gatat
247 2259 377 2332 tandem
404 2259 485 2331 Deli
517 2267 651 2356 recepta
674 2285 750 2332 esse
781 2261 935 2356 ibique
924 2281 959 2332 ιιι
984 2262 1092 2334 lucem
1117 2257 1261 2333 edidisse

67 2390 69 2401 ·
143 2353 336 2480 Apnllirrern
362 2360 396 2432 ot
420 2361 564 2432 Dianam
589 2361 678 2434 diota
703 2369 774 2450 est,
803 2362 998 2456 peregrinos
1023 2361 1105 2434 deos
1130 2361 1263 2458 signifi-

145 2462 229 2555 euri,
255 2485 394 2560 quorum
419 2484 516 2550 saura
540 2485 638 2558 aegre
657 2468 699 2534 et
723 2461 961 2534 reluctantibus
987 2463 1042 2558 qui
1064 2469 1133 2536 tum
1151 2461 1264 2536 Grae·

85 2620 89 2634 ι
146 2564 232 2648 eiam
256 2563 411 2638 terrebant
434 2543 557 2634 luerint
581 2569 729 2657 recepta.
781 2557 984 2657 conspirant
1009 2587 1082 2633 oum
1107 2557 1159 2633 his
1186 2570 1273 2634 eae-'

146 2673 233 2738 tera.
289 2661 387 2736 Nam
408 2663 546 2736 simulae
578 2669 675 2734 natus
701 2669 790 2735 esset
814 2661 961 2760 Apollo,
995 2658 1149 2760 Delphos
1175 2663 1265 2759 peti·

146 2759 249 2857 uisse,
275 2762 386 2864 ibique
412 2763 599 2856 draconem,
626 2763 680 2836 oui
703 2761 733 2835 P
736 2763 849 2861 ythoni
872 2787 992 2836 nomen
1015 2763 1222 2858 iecerunt,
1210 2789 1266 2836 m·

147 2863 319 2958 terleoisse
347 2858 480 2940 dicitur.
530 2863 586 2938 De
597 2888 683 2984 'qua
714 2890 752 2938 re
783 2873 916 2963 praeter
939 2865 1026 2938 alios
1052 2862 1176 2938 Strabo
1203 2889 1266 2938 ex·
1283 2858 1286 2868 ’

147 2968 261 3068 posuit
285 2965 357 3040 IX.
384 2970 429 3060 3,
464 2971 525 3060 ll.
552 2967 762 3065 quiquidem
789 2967 1027 3086 Ephorum,
1015 2991 1174 3063 mquam
1198 2965 1266 3038 irri-

149 3071 246 3168 quior
271 3078 334 3163 est,
364 3021 538 3168 uithperat,
566 3069 689 3189 qnod·
678 3095 721 3162 rs,
750 3095 847 3167 quum
872 3070 908 3140 in
928 3069 1025 3142 huius
1047 3067 1151 3142 famae
1168 3087 1266 3140 onar-

31 3215 33 3220 ·
148 3172 278 3245 ratione
310 3173 489 3270 praecipuo
522 3197 558 3244 se
590 3171 724 3244 ueritati
749 3196 882 3270 operam
909 3170 987 3244 dare
1014 3170 1265 3267 asseveraverit,

108 3289 110 3293 ’
149 3279 260 3347 tamen
285 3273 471 3364 rettulerit,
506 3296 588 3368 quae
613 3273 681 3344 sint
705 3267 968 3365 fabulosissima,
1006 3271 1102 3344 deum
1126 3271 1266 3344 interia

151 3373 239 3446 oisse
256 3371 337 3468 Tity
340 3398 404 3444 um
420 3373 590 3469 quemdam
615 3369 697 3444 etP
701 3372 864 3468 ythouam,
890 3373 1096 3472 Athenisque
1112 3369 1266 3470 Delphos
1373 3408 1375 3420 ·

124 3484 127 3492 '
150 3474 266 3566 ivisse,
283 3399 500 3570 vairatnmque
515 3496 588 3558 osse
602 3497 664 3570 per
678 3497 806 3546 omnem
821 3473 933 3546 orbem
948 3481 1122 3545 terrarum.
1146 3472 1268 3546 Enim·

151 3601 231 3649 uero
249 3572 407 3672 Ephorus
433 3574 547 3672 quid
536 3594 609 3670 rpso
635 3573 786 3646 erederet
810 3575 985 3671 exposuit.
1018 3563 1107 3670 quoi
1128 3574 1189 3647 ille
1206 3599 1268 3648 ue·
1343 3585 1350 3598 '

153 3703 217 3776 qno
243 3675 383 3750 absurdo
408 3677 501 3772 feeit,
529 3684 567 3748 ut
592 3675 646 3747 eui
670 3695 863 3772 persuasum
888 3683 979 3748 esset
1003 3675 1100 3747 lenm
1123 3675 1266 3750 hominis

153 3804 275 3878 eorpus
300 3779 459 3871 induisse,
485 3801 548 3850 neo
573 3775 659 3848 uixit
683 3776 846 3869 fabulose,
873 3777 932 3849 sod
956 3776 1068 3874 potius
1093 3784 1130 3850 ut
1154 3777 1268 3876 expli·
1302 3771 1305 3780 ¹

155 3889 246 3953 earet
271 3879 424 3953 fabulam.
475 3877 518 3951 In
534 3871 701 3952 Parnasso
727 3879 893 3951 habitasse
912 3877 996 3951 dicit
1013 3879 1171 3976 quosdam
1185 3879 1267 3952 abo-
1370 3941 1373 3944 .

155 3982 279 4077 riginos
304 3981 366 4054 illo
391 3988 551 4078 tompore,
578 4003 642 4077 quo
657 3979 782 4079 Apollo
808 3988 915 4052 terras
940 3980 1072 4074 obierit,
1097 3989 1135 4054 ut
1159 3980 1268 4052 homi-
1346 4025 1348 4034 ι

128 4105 217 4155 ,ιιι
242 4082 284 4154 ad
308 4083 471 4156 mitiorem
496 4083 583 4154 uitae
608 4083 734 4156 oultum
759 4081 949 4156 adduceret.
1000 4081 1107 4174 Quem
1125 4081 1266 4154 Athenis

157 4207 198 4256 ea
222 4183 292 4274 ria,
315 4207 379 4281 qua
403 4192 520 4283 postea
540 4171 760 4257 Athenienses
774 4183 948 4290 Pythicam
963 4206 1117 4281 pompam
1138 4182 1270 4286 mittere
1337 4265 1342 4270 ·

158 4293 385 4377 consuessent,
410 4285 562 4392 Delphos
584 4273 860 4385 pmheisoenbem,
887 4307 985 4382 quum
998 4283 1189 4380 Panopeum
1210 4279 1270 4355 ιιι-Ι

158 4387 277 4504 nisset,
302 4385 509 4462 iuteromlssa
534 4387 692 4484 Tityum,
727 4387 833 4484 rtrum
857 4387 1036 4504 violentum
1058 4392 1098 4482 et
1121 4388 1269 4505 oontem-
1373 4429 1379 4437 -
