3076 5046
162 345 164 370 '
308 379 373 454 ass
430 353 460 416 ·'
707 379 770 444 nu
797 379 1025 446 suessan
1141 381 1147 388 ’

307 557 392 632 aas&
431 545 533 622 llatst
557 547 641 622 haee
665 546 976 646 apul-llespeuitlm
1000 547 1057 644 agi
1081 546 1118 622 l'n
1143 545 1216 622 solt
1241 551 1364 645 tarrae,
1389 552 1430 622 et

308 660 418 725 tanwn
450 659 572 724 terram
604 651 767 724 sustinere
801 650 923 725 (linitur
952 649 1066 722 Atlas.
1121 647 1228 723 leon.
1242 646 1430 742 Pausania

309 774 417 826 aroana
445 750 582 849 Cypseli
608 752 798 826 describens
823 751 872 824 V.
901 755 963 844 18,
989 753 1028 826 4.
1050 750 1182 832 ’Ἄτλας
1206 745 1248 822 δὲ
1273 747 1333 822 ἐπὶ
1357 746 1429 844 μὲν

308 861 387 930 τῶν
411 853 529 948 ὤμων
552 851 648 927 κατὰ
673 851 721 927 τὰ
744 849 927 954 λεγόμενα
953 848 1118 950 οὐρανόν
1148 877 1188 924 τε
1213 849 1338 944 ἀνέχει·
1364 847 1430 926 καὶ

308 963 394 1058 γῆν,
420 953 522 1052 φέρει
546 952 589 1028 δὲ
613 953 678 1029 καὶ
702 953 750 1028 τὰ
772 953 999 1051 Ἑσπερίδων
1016 961 1133 1050 μῆλα·
1162 949 1429 1035 inscitiores

309 1057 331 1132 ὃ
357 1056 452 1153 ἀνὴρ
479 1054 499 1129 ὃ
525 1055 622 1151 ἔχων
646 1053 822 1154 volipes
854 1055 918 1131 καὶ
950 1058 1010 1130 tari
1032 1054 1101 1137 τὸν
1118 1053 1299 1130 Ἄτλαντα
1323 1045 1430 1148 loxi-

308 1186 439 1256 mooe,
463 1154 544 1254 tota
569 1155 640 1250 μὲν
663 1158 721 1232 ἐπ’
751 1157 872 1232 αὐτοῦ
897 1157 1154 1260 γεγραμμένον
1178 1152 1280 1230 ἐστὶν
1302 1153 1429 1241 οὐδέν,

221 1264 225 1284 ’
308 1259 404 1356 δῆλα
429 1255 470 1334 ‹ls'
492 1260 529 1342 a
546 1257 715 1342 ἅπαντας
734 1257 920 1356 Ἡρακλέα
942 1258 1052 1334 εἶναι·
1086 1257 1290 1361 γέγραπται
1306 1252 1348 1330 δὲ
1364 1254 1431 1336 καὶ

307 1360 368 1438 sut
391 1356 551 1443 τούτοις·

401 1479 532 1562 Meloe
555 1475 594 1553 δ’
612 1475 777 1576 οὐρανὸν
793 1470 902 1562 οὗτος
916 1479 1001 1575 ἔχει,
1022 1473 1070 1549 τὰ
1086 1473 1128 1551 δὲ
1142 1481 1246 1572 μᾶλα
1259 1469 1430 1572 μεθήσει.

308 1590 404 1670 llueo
428 1619 494 1670 non
512 1595 593 1670 sine
620 1620 737 1671 caussa
762 1589 973 1670 adverterant
988 1593 1222 1686 Letronnium,
1251 1594 1339 1691 quod
1364 1616 1432 1666 nou

311 1700 381 1770 veri
407 1697 515 1772 simile
540 1699 729 1791 videretur,
765 1707 803 1771 ut
827 1697 1013 1772 Pausanias
1045 1705 1114 1769 tam
1145 1695 1268 1768 diserte
1302 1695 1431 1768 eaelum

150 1843 158 1854 ·
262 1801 345 1874 llet
368 1809 490 1874 terram
516 1800 737 1893 nominasset,
774 1802 840 1873 nisi
865 1823 1061 1900 expressum
1092 1797 1232 1871 udisset
1256 1805 1430 1894 utrumque

253 1949 256 1956 -
309 1903 345 1975 iu
378 1903 533 1999 operibus
569 1902 652 1974 illis'.
712 1900 832 1997 Itaque
868 1905 1024 1976 sollerter
1059 1895 1189 1996 quidem
1223 1897 1431 1972 Letrounius

310 2003 490 2098 symbolica
516 2002 655 2099 quadarn
681 2004 809 2075 ratione
836 2012 960 2076 terram
987 2003 1084 2075 simul
1110 2023 1184 2074 oum
1209 2003 1303 2074 eaelo
1325 2000 1433 2096 signi-

310 2105 442 2176 tleatarn
468 2103 674 2176 coniecerate
708 2104 785 2196 etsi,
813 2129 909 2201 quam
925 2104 1061 2201 putabat
1080 2103 1266 2176 huiusmodi
1286 2101 1432 2198 effigiem

310 2229 398 2296 esse,
426 2204 458 2275 ei
482 2213 600 2300 postea
625 2198 740 2301 erepta
766 2214 830 2278 est.
883 2205 1000 2303 Neque
1029 2229 1106 2277 vero
1125 2206 1255 2277 omnino
1279 2203 1433 2278 eredide-
1535 2295 1536 2302 ἵ

309 2307 386 2398 rim,
413 2305 442 2378 si
469 2305 542 2402 quis
568 2329 630 2401 per
655 2307 751 2404 signa
776 2301 905 2381 ea'elum
934 2315 979 2402 et
993 2313 1114 2380 terram
1137 2307 1278 2404 pingere
1305 2305 1433 2378 uoluis-
1535 2349 1536 2372 r

311 2417 375 2499 set,
403 2407 487 2480 elisei
512 2431 587 2480 enm
612 2408 856 2506 figurarn,.oui
882 2407 1157 2506 hemisphaerium
1183 2408 1268 2480 eaeli
1292 2407 1433 2504 imposi·
1535 2403 1536 2412 '

310 2518 379 2582 tum
403 2515 506 2600 esset,
533 2509 696 2606 pinxisse.
748 2508 820 2584 sed
849 2509 934 2586 huu'o
960 2511 1197 2608 quaestionem,
1224 2507 1269 2581 de·
1291 2533 1355 2607 qua
1380 2511 1433 2582 est

311 2609 352 2683 alr
378 2611 546 2683 Roehetto
573 2611 708 2704 dietum,
735 2613 870 2686 missam
895 2612 995 2705 lanio,
1022 2637 1063 2684 ne
1088 2611 1221 2708 longius
1247 2634 1343 2708 quam
1367 2631 1431 2708 pro

311 2711 409 2814 huius
435 2712 626 2809 scriptionis
653 2715 794 2787 oonsilio
823 2713 1003 2812 digrediar.
1054 2713 1215 2786 Rochetti
1240 2713 1281 2784 de
1304 2712 1432 2784 Pausa·
1534 2711 1535 2730 ¹

311 2815 388 2886 niae
413 2814 497 2886 loeis
524 2815 689 2888 sententie
715 2823 787 2908 est,
830 2841 926 2914 quarn
951 2817 1063 2914 posuit
1093 2840 1129 2912 p.
1155 2815 1209 2907 9.,
1242 2838 1307 2886 non
1335 2814 1431 2886 nimis

313 2915 413 2987 rerha
438 2938 513 2987 esse
537 2913 736 3014 premenda,
764 2917 853 3013 quod
878 2941 976 3015 quum
1000 2918 1059 2989 ille
1086 2913 1249 3013 οὐρανὸν
1273 2913 1337 2989 καὶ
1361 2921 1433 3016 γῆν
1533 2989 1534 2994 ,

314 3017 456 3109 lliusrit,
490 3040 691 3090 communem
725 3041 821 3091 usum
847 3028 1004 3115 sequutus
1030 3018 1183 3090 mundum
1210 3017 1354 3090 voluerit
1378 3018 1433 3088 in·

237 3203 240 3222 Ι
314 3117 436 3214 telligi.
500 3117 578 3190 Nou
617 3119 745 3192 infitior
777 3120 963 3216 speciosum
1002 3121 1066 3192 hoe
1098 3143 1193 3212 esse,
1236 3119 1433 3218 praesertim

294 3243 414 3322 'quum
448 3219 504 3314 qui
535 3217 570 3290 in
606 3243 684 3292 arou
710 3219 846 3319 Cypseli
867 3221 1066 3319 'adscriptus
1100 3245 1214 3294 uersus
1250 3230 1301 3294 est
1325 3221 1432 3316 solius

316 3321 402 3394 caeli
427 3321 624 3393 mentionem
650 3322 765 3396 faeiat.
818 3321 888 3395 Sed
915 3331 1036 3415 tamen,
1062 3323 1128 3396 nisi
1154 3322 1266 3414 fallor,
1293 3322 1361 3395 alia
1377 3345 1433 3394 ra-
1532 3323 1533 3346 *

316 3423 366 3494 tio
390 3422 531 3494 inveniri
556 3431 685 3521 potest,
721 3449 785 3522 qua
817 3434 852 3498 et
876 3423 1063 3498 Letronnio
1097 3434 1132 3498 et
1155 3425 1324 3498 Roehetto
1350 3425 1433 3498 satis

317 3525 388 3596 fiat.
439 3521 523 3596 Nam
551 3525 580 3596 si
605 3550 668 3599 nee
695 3528 763 3598 reri
789 3526 896 3599 simile
923 3535 974 3599 est
1005 3537 1043 3599 ut
1068 3535 1188 3599 terram
1214 3525 1434 3600 nominaverit
1531 3585 1532 3637 ρ

316 3625 514 3716 Pausanias,
541 3627 605 3698 nisi
631 3626 818 3724 significata
839 3629 953 3725 'aliquo
975 3629 1072 3701 modo
1093 3629 1127 3700 iu
1150 3630 1279 3727 pictura
1299 3628 1443 3721 fuisset,

318 3753 381 3808 nee
406 3727 498 3801 credi
530 3736 642 3824 potest
666 3731 755 3818 alind
788 3727 866 3828 quid
898 3754 994 3827 quam
1019 3730 1111 3827 globi
1135 3731 1275 3827 liguram
1300 3731 1342 3802 ah
1367 3731 1436 3802 At-

319 3830 409 3900 laute
435 3829 604 3921 sustiueri,
631 3831 839 3929 relinquitur,
866 3841 903 3904 ut
922 3830 1097 3904 Panaenus
1121 3833 1180 3904 ille
1206 3855 1272 3904 non
1298 3831 1435 3928 globum
1530 3857 1531 3919 r

185 3933 188 3940 ’
321 3929 510 4021 eaelesteru,
538 3931 596 4004 sed
623 3933 796 4029 sphaeram
821 3933 986 4031 pinxerit,
1012 3934 1153 4031 ideoque
1179 3935 1277 4006 etiarn
1301 3933 1436 4006 Pausa-

321 4031 413 4122 nias,
450 4032 602 4128 qnoniam
634 4035 774 4132 sphaera
804 4059 877 4107 oum
903 4034 996 4107 eaelo
1021 4042 1142 4108 terram
1169 4055 1297 4132 quoqne
1322 4035 1450 4108 eonti··

322 4129 392 4230 net,
418 4142 508 4206 recte
534 4143 706 4233 utrumque
730 4159 849 4209 nornen
872 4137 1034 4232 posuerit.
1050 4137 1082 4238 ⁷)
1132 4137 1243 4211 Aliter
1267 4135 1374 4210 sentio
1390 4135 1436 4214 de

411 4336 440 4422 ⁷)
464 4309 595 4484 ξέοηρὴ
614 4325 820 4401 somme-orarit
840 4339 990 4401 Gerhardns
1016 4343 1045 4400 iu
1068 4301 1116 4401 illa
1136 4361 1213 4420 quam
1228 4343 1291 4406 lixi
1310 4339 1437 4402 liuntu-

209 4477 214 4486 ,
241 4427 249 4446 “
325 4431 395 4486 tione
415 4442 442 4502 p.
507 4443 591 4502 neq.
