3084 5050
461 336 471 440 }
525 349 576 414 nu
598 345 848 414 rnoooAnr.
957 435 960 453 Ι
1195 349 1239 418 m

96 507 103 518 ’
130 543 215 612 pene,
242 517 377 612 opinor,
414 525 471 589 aut
496 517 562 590 ulio
586 518 636 590 rei
653 501 905 592 ¹aenommodoto
932 518 1089 590 vocabulo
1115 517 1248 592 dietum·

131 625 234 691 esset.
284 617 395 691 Multo
428 617 616 692 credibilius
650 627 701 690 est
732 643 795 690 neo
827 643 957 714 semper
986 617 1021 691 in
1054 617 1166 691 eadem
1199 643 1237 692 re

7 741 8 744 ’
130 714 294 791 versatum
321 743 395 791 esse
419 728 454 792 et
478 719 640 792 diversum
666 719 769 792 luisse
789 744 851 815 pro
869 719 1058 793 diversitate
1080 727 1234 814 aetatum,

105 827 235 916 ⁴etque
259 820 332 916 ipsa
358 844 473 894 caussa
499 821 694 918 simpliciter
717 818 906 918 ὑποβολὴν
930 845 1004 896 esse
1023 822 1236 919 appellatum.

129 919 201 993 Iam
229 945 326 1018 quum
350 920 473 996 Graeci
498 924 677 1020 praecipuo
704 922 813 994 studio
840 922 969 995 dicendi
993 931 1095 995 artem
1122 923 1237 996 colue-

130 1023 217 1114 rint,
244 1047 308 1095 non
333 1024 444 1121 inepte
470 1025 625 1098 coniiciat
651 1025 744 1120 quis,
760 1023 816 1124 'ad
844 1023 928 1096 lane
951 1024 1155 1122 potissimum
1182 1047 1238 1096 er·

128 1123 197 1196 tom
222 1124 291 1196 lero
316 1125 382 1197 ista
406 1126 604 1222 pertinuisse
630 1125 823 1222 specimine,
848 1125 1020 1222 iussosque
1039 1149 1112 1198 esse
1135 1121 1238 1198 disei-

129 1226 227 1322 pulos
244 1227 448 1324 propositum
463 1227 594 1324 aliquod
611 1233 835 1324 argumentum
853 1249 1033 1324 exponere,
1059 1225 1237 1320 uenando,

7 1325 8 1328 ’
129 1327 319 1420 laudando,
351 1327 621 1420 demonstrando,
656 1329 796 1424 deniqne
829 1328 1080 1426 quoquomodo
1106 1335 1239 1426 pertre-

130 1428 265 1502 ctando.
316 1420 408 1519 Quae
439 1431 525 1502 ratio
556 1451 654 1525 quom
687 1430 778 1515 uaria
803 1437 911 1520 esset,
931 1427 1167 1526 penderetque
1192 1441 1238 1502 ex

130 1529 268 1601 arbitrio
296 1530 459 1625 magistri,
487 1555 551 1601 non
578 1539 628 1602 est
653 1530 760 1626 ipsum
786 1529 936 1624 quodque
962 1554 1066 1626 genus
1083 1532 1238 1627 specimi-

128 1632 197 1721 nis,
224 1629 282 1701 eed
308 1631 458 1702 universe
484 1631 671 1726 speciminis
696 1615 880 1726 propositio
905 1631 1071 1702 nominata
1094 1631 1129 1702 in
1148 1630 1236 1704 Teio
1325 1637 1327 1652 '

128 1732 243 1804 titulo.
293 1728 333 1802 In
361 1754 425 1828 quo
459 1732 489 1804 si
514 1732 601 1804 iuter
625 1731 822 1803 adultiorum
849 1731 1026 1802 certamina
1050 1739 1239 1804 numeratur

128 1829 295 1929 ὑποβολὴ
321 1828 613 1920 ἀποποδόσοως,
639 1840 787 1930 apertum
812 1840 865 1904 ost
889 1839 1014 1904 eertum
1035 1853 1138 1928 ganas
1161 1852 1241 1930 spe·

130 1935 260 2018 murinis
283 1933 462 2031 designari,
490 1934 577 2032 quod
602 1957 727 2031 genus,
759 1931 789 2006 si
813 1927 1062 2016 doeomddotne
1086 1938 1138 2006 o‘st
1161 1955 1240 2031 par-

130 2037 211 2108 tium
235 2035 444 2132 permutatio,
472 2059 608 2133 quanam
633 2036 700 2107 alia
724 2035 759 2106 in
783 2057 820 2106 re
844 2038 987 2132 positum
1012 2034 1115 2108 fnisse
1141 2045 1240 2132 puta÷
1364 2025 1374 2044 ⁰

130 2137 255 2228 bimus,
284 2161 386 2233 -qram
410 2139 445 2210 in
471 2145 531 2229 eo,
555 2146 609 2210 ut
635 2138 699 2210 duo
732 2135 958 2210 adolescentes
990 2138 1052 2210 vel*
1067 2136 1238 2234 disputare

130 2239 217 2312 inter
241 2259 298 2330 se,
331 2240 384 2310 vel
409 2241 591 2312 contrarias
616 2239 795 2311 sententiae
820 2239 1044 2334 probabiliter
1061 2238 1241 2311 defendere
1279 2313 1282 2324 ,

26 2409 28 2418 ,
130 2334 346 2413 iuberentur?
395 2339 472 2414 lloo
496 2341 606 2432 ruodo,
632 2349 670 2416 ut
695 2363 758 2436 ego
776 2339 908 2434 quidem
929 2339 1084 2430 arbitror,
1112 2349 1145 2412 et
1162 2363 1239 2412 oer-

130 2451 238 2515 tamen
264 2441 353 2514 istud
378 2466 444 2514 non
471 2435 722 2518 ἀνταπόδοσιν
746 2436 943 2534 ὑποβολῆς,
970 2440 1027 2511 sed
1047 2437 1239 2536 ὑποβολὴν

130 2537 413 2624 emanationes
438 2543 559 2614 dietum
585 2564 659 2612 esee
685 2547 841 2634 apparet,
874 2548 908 2609 et
932 2539 1130 2632 intelligitur
1154 2541 1239 2612 lane

130 2639 417 2723 dmumoddoemc
438 2639 630 2736 ὑποβολὴν
653 2639 742 2738 aliod
767 2637 870 2708 luisse
896 2657 991 2733 quom
1013 2659 1095 2735 quae
1109 2636 1239 2734 simpli-

129 2747 216 2820 citer
240 2739 405 2839 ὑποβολὴ
430 2742 610 2833 dieebatur,
637 2763 731 2837 qnam
758 2738 855 2811 simul
880 2746 971 2836 patet
991 2734 1168 2835 propterea
1189 2739 1241 2812 sin
1354 2830 1361 2838 .

129 2847 276 2920 breviter
299 2845 506 2942 appellatam·
523 2867 609 2936 esee,
637 2842 725 2940 quia,
751 2841 782 2913 si
806 2840 904 2937 pleno
930 2839 1019 2913 dioto
1032 2850 1121 2914 esset
1145 2829 1240 2914 drud-

117 2947 234 3030 ιδοοις
257 2945 455 3043 ὑποβολῆς,ι
481 2945 515 3017 id
540 2969 605 3018 non
626 2945 733 3016 solum
753 2943 870 3018 inutile
887 2941 1017 3034 luisset,
1045 2941 1132 3039 quod
1147 2940 1241 3016 ὑπο-

130 3047 223 3148 βολὴ
248 3050 320 3121 eine
347 3041 527 3122 ἀποδόσει.
551 3047 723 3146 imperium
756 3053 845 3118 esset
870 3039 929 3116 eui
948 3067 1014 3116 nou
1040 3044 1242 3143 obsequereu
1315 3115 1316 3124 ,
1356 3029 1398 3151 ’,Ι

131 3163 185 3225 tur
210 3150 392 3249 quisquam,
418 3149 477 3222 sed
502 3143 600 3222 etiarn
617 3149 702 3220 lalsa
722 3147 841 3220 fnisset
862 3146 928 3218 ista
942 3146 1135 3243 appellatio,
1162 3147 1241 3245 quie

132 3256 229 3328 etiem
254 3247 503 3342 ἀντοπόδοοις
526 3248 714 3347 ὑποβολῆς
738 3259 791 3322 est
815 3245 1002 3346 dmoflolfpc
1024 3242 1212 3359 ἀπόδοσις.
1324 3326 1325 3330 ,
