3070 5048
291 361 356 449 nnn
611 366 661 428 nn
681 364 943 440 montaudun
963 366 1093 435 nenne
1308 471 1313 482 .

205 497 208 506 “
290 529 415 607 α...
439 531 592 632 ιη...
643 531 724 610 uso
747 543 842 612 ..αα
856 529 1079 632 monam
1095 553 1161 614 ee
1184 531 1351 622 ormo
1365 531 1411 606 1..

207 645 212 672 ·
291 643 420 708 monte
443 633 646 714 Parnasso
678 657 868 732 responsa
899 633 999 708 darn
1030 635 1167 716 andnim
1191 644 1293 708 erut.
1354 631 1410 706 Eo
1523 725 1524 732 ἵ

293 737 401 808 dietus
429 733 558 812 videtur
576 734 744 832 producta
764 736 885 830 vocali,
911 745 948 814 ut
974 759 1056 832 qnae
1077 734 1329 816 eonveniontior
1355 759 1412 808 es-

270 843 347 917 6set
371 837 496 909 nomini
520 837 671 936 proprio,
699 831 867 926 Πυθάν,
893 861 959 912 nou
985 861 1006 910 a
1030 831 1193 924 πάθαν.
1208 836 1296 934 quod
1311 835 1412 912 linxit
1466 856 1469 864 ·
1523 827 1524 856 ¹

142 941 147 954 “
295 939 440 1036 scriptor
463 937 636 1010 Homerici
657 939 695 1032 ¹in
718 939 910 1035 Apollinem
935 939 1045 1033 hymni
1071 962 1103 1019 1.
1129 941 1218 1017 363.
1243 963 1343 1036 seqq.

314 1109 316 1129 ,
394 1039 557 1140 Magnum
595 1040 679 1116 haee
713 1049 911 1119 momentum
945 1039 1065 1122 habeut
1082 1039 1141 1115 *nd
1176 1039 1411 1120 declarandum

293 1166 410 1214 monos
424 1141 595 1240 Apollinis
619 1138 801 1220 fatidicum·
851 1139 994 1220 Frustra
1019 1141 1111 1218 anim
1129 1141 1322 1218 laborarunt
1349 1138 1413 1212 riri

294 1243 404 1337 (loeti,
422 1251 429 1264 ’
445 1252 495 1322 nt·
514 1243 725 1322 ostenderent
758 1268 819 1320 nnn
850 1251 942 1320 vetes
974 1266 1048 1319 esso
1072 1242 1198 1340 Apollo
1233 1241 1411 1328 diseretor.

172 1355 174 1360 ’
294 1343 371 1418 Non
396 1351 449 1417 est
483 1343 539 1421 hin
564 1343 646 1422 deus
670 1353 788 1420 natura
812 1369 874 1424 sua
897 1343 1169 1444 fatidicum-sed
1194 1343 1354 1427 tributum
1379 1343 1412 1416 ei

294 1447 359 1528 hoe
385 1445 529 1519 olfieinm
555 1454 607 1523 est
632 1455 829 1544 propterea,
863 1445 951 1542 qnod
975 1444 1009 1517 ri
1034 1445 1231 1521 introductis
1257 1445 1330 1521 eins
1356 1469 1413 1517 sa·

295 1548 361 1628 oris
387 1547 555 1644 antiquum
588 1547 675 1644 qued
700 1547 844 1646 Delphis
870 1556 942 1621 erat
968 1547 1134 1622 onannlnnn
1161 1547 1196 1623 in
1221 1545 1412 1654 possessio·

294 1673 369 1728 uem
393 1650 484 1726 uenit
515 1649 593 1721 nori
619 1643 693 1746 dei,
731 1673 826 1745 qoem
858 1673 925 1725 non
957 1672 1030 1720 esse
1057 1657 1162 1724 vatem
1196 1649 1295 1720 etiarn
1327 1647 1412 1722 illud
1524 1707 1525 1724 ,

294 1750 587 1850 «toennensem,
624 1749 710 1848 qnod
744 1776 812 1828 non
844 1775 924 1848 sna,
959 1749 1017 1824 sed
1042 1745 1135 1821 Ionis
1168 1749 1303 1821 oracula
1330 1749 1411 1822 edit.
1524 1741 1525 1766 ¹

294 1849 366 1926 Sed
390 1860 564 1950 postquam
588 1851 689 1950 potiti
721 1851 856 1926 oraonlo
889 1851 955 1924 isto
987 1875 1082 1926 saera
1105 1849 1206 1924 latins
1231 1847 1411 1949 propagari
1517 1906 1521 1916 .

295 1961 415 2054 coepto
440 1959 532 2044 sunt,
555 1955 654 2028 etiam
679 1953 756 2026 aliis
780 1953 866 2025 lonis
893 1951 1027 2028 oracula
1052 1952 1210 2027 exstitere
1226 1953 1410 2049 Apollinis,
1524 2009 1525 2034 .

294 2051 399 2125 multo
430 2053 491 2123 ille
522 2059 631 2126 tamen
656 2054 763 2127 minus
789 2054 913 2129 nobilia
946 2077 1040 2154 qnam
1065 2051 1301 2154 Delphicum,¹
1324 2053 1411 2155 qnod
1524 2101 1525 2144 η

293 2153 364 2332 iaqni
391 2153 767 2334 pteffiquhxtefflo
801 2153 1084 2258 opulentissimum
1116 2155 1219 2228 fuisse
1243 2154 1411 2235 Homerus

293 2279 328 2328 nn
365 2277 403 2327 na
489 2278 544 2332 α.
628 2306 641 2347 ,
745 2303 756 2327 .
1019 2345 1022 2352 ¹

270 2380 271 2388 ¹
394 2402 481 2484 οὐδ’
510 2402 590 2494 ὅσα,
607 2401 732 2490 λάϊνος
756 2404 869 2490 οὐδὸς
893 2401 1078 2506 ἀφήτορος
1103 2404 1207 2490 ἐντὸς
1230 2406 1346 2509 ἐέργει

395 2505 546 2606 Φοίβου
560 2505 792 2592 ’Ἀπόλλωνος
817 2511 954 2610 Πυθοῖ
976 2508 1032 2584 ἐνὶ
1057 2508 1268 2607 πετρηέσσῃ.

369 2655 486 2751 Redeo
512 2657 554 2732 ad
580 2659 795 2764 Euripidem,
832 2661 888 2760 qni
921 2627 1003 2757 quae
1029 2661 1090 2734 illo
1116 2685 1210 2766 quern
1239 2661 1410 2738 diniloen

294 2761 444 2833 fabulose
464 2769 641 2860 'poetarum
667 2787 758 2834 more
785 2765 971 2860 exornavit,
998 2768 1117 2842 tectam
1144 2762 1326 2846 involueris
1353 2787 1412 2840 va·

153 2903 160 2908 ·
294 2869 352 2938 rae
378 2863 429 2938 nei
453 2863 674 2937 narrationem
700 2865 881 2942 continent.
931 2865 1011 2937 Hie
1024 2864 1112 2961 qnod
1133 2863 1227 2958 dicit,
1254 2865 1411 2961 Terram,

247 3025 249 3032 .
297 2989 360 3061 qno
385 2965 515 3060 pulsam
537 2964 583 3054 ⁴de
610 2965 744 3044 oraculo
772 2966 812 3037 ah
828 2965 987 3064 Apolline
1006 2965 1204 3041 Themidem
1228 2966 1413 3040 ulciscere-

212 3095 216 3102 ·
294 3075 370 3156 tor,
397 3065 551 3164 gravibus
576 3067 713 3143 somniis
738 3066 887 3142 homines
915 3067 1106 3162 territasse‚
1143 3091 1247 3164 eaqne
1272 3073 1310 3140 re'
1334 3093 1412 3139 rnr-

247 3249 249 3254 .
297 3191 369 3238 snm
394 3168 556 3263 eripuisse
571 3165 723 3264 Apollini
738 3170 925 3260 oraenlnm3
952 3193 1016 3269 qno
1039 3169 1127 3242 laeto
1149 3169 1245 3241 illnm
1259 3170 1298 3240 ah
1311 3167 1410 3264 Ione,

179 3315 184 3319 -
298 3292 393 3366 quem
408 3267 546 3362 adisset,
565 3269 783 3366 tranquillam
798 3270 924 3344 oraculi
939 3269 1182 3372 possessionem
1197 3273 1410 3370 impetrasset

297 3371 331 3441 id
356 3369 439 3441 nihil
465 3367 555 3442 alind
581 3376 644 3462 est,
672 3393 767 3472 qnam
794 3372 882 3470 qnod
907 3373 1012 3448 saeris
1038 3374 1233 3446 ceremoniis
1254 3381 1411 3456 ennaete-

298 3470 379 3546 nidis
410 3465 537 3570 Delphi
569 3474 878 3572 repraesentabant:
920 3474 960 3546 de
994 3475 1110 3574 quihus
1142 3473 1344 3548 Plutarchus
1375 3473 1410 3548 in
1525 3525 1526 3552 r

299 3573 384 3644 lihro
418 3573 474 3694 qui
500 3571 540 3643 de
567 3572 698 3644 deiectu
724 3577 931 3648 oraculorum
965 3585 1016 3648 est
1043 3601 1074 3648 e.
1103 3577 1163 3650 15.
1188 3601 1224 3673 p.
1250 3579 1340 3650 417.
1365 3573 1410 3651 F.

297 3674 346 3746 ita
371 3673 523 3771 scripsit:
557 3677 727 3749 πλεῖστον
752 3673 793 3749 δὲ
818 3684 883 3772 τῆς
897 3673 1073 3774 ἀληθείας
1090 3673 1412 3778 διαμαρτάνουσιν

253 3799 256 3806 ‘
299 3773 519 3870 sistatque
544 3771 736 3876 θεολόγοι,
771 3777 984 3873 νομίζοντες
1015 3772 1183 3854 ἐνταῦθά
1209 3807 1296 3852 ποτε
1321 3775 1412 3877 πρὸς

193 3925 196 3930 ,
301 3876 390 3974 ὅφιν
420 3883 473 3972 τῷ
499 3877 580 3972 θεῷ
609 3875 692 3972 περὶ
723 3885 791 3952 τοῦ
821 3876 1045 3976 χρηστηρίου
1070 3875 1195 3974 μάχην
1219 3879 1410 3984 γενέσθαι,
1479 3931 1481 3938 1
1525 3915 1526 3918 ¹

300 3974 363 4052 καὶ
386 3983 506 4051 ταῦτα
530 3976 680 4073 ποιητάς
704 3977 767 4050 καὶ
791 3977 1048 4080 λογογράφους
1063 3983 1104 4056 ἐν
1121 3973 1294 4077 θεάτροις
1310 3982 1411 4083 ἀγαι-

301 4075 515 4173 νιζομὲνους
539 4076 581 4150 λε’
601 4106 656 4153 ειν
680 4080 823 4166 ἐῶντες,
851 4079 967 4182 ὥσπιρ
993 4079 1158 4179 ἐπίτηδες
1182 4081 1411 4181 ἀντιμαρτυ-

299 4187 461 4278 ροῦντας
486 4105 708 4276 adripuisse
738 4177 848 4274 ἱεροῖς
872 4187 950 4265 τοῖς
975 4180 1203 4286 ἁγιωτάτοις.
1254 4179 1428 4279 θαυμά-Ι
1525 4197 1526 4200 ’

302 4305 436 4364 numne
459 4275 501 4360 dn*
527 4284 594 4352 τοῦ
620 4277 827 4370 Φιλίππου,
860 4289 983 4379 παρῆν
1014 4283 1088 4384 γάρ
1114 4283 1134 4358 ὃ
1160 4279 1411 4387 συγγραφεύς,

302 4379 366 4458 καὶ
389 4379 607 4477 πυθομένου
631 4379 732 4478 τίσιν
751 4381 1040 4484 ἀντιμαρτυρεῖν
1055 4383 1303 4484 &adorauitque
1322 4383 1431 4486 node,
