3084 5050
303 389 365 458 ιιι
607 393 658 453 uu
680 389 825 453 ormoro
847 369 1103 464 mmuvuuvr's.

301 577 401 656 aegre
427 581 587 632 carcinus.
638 557 764 632 Putant
788 567 896 631 autem
922 557 1064 656 quidam,
1092 580 1155 653 quo
1170 541 1316 652 plenius
1336 577 1410 627 orn·-

300 662 375 753 uia,
407 657 660 756 praesentirem
687 662 784 732 robus
810 661 991 751 historicis,
1017 661 1155 731 afferant
1170 665 1276 774 atquo
1295 679 1411 752 expo·

206 829 211 844 ,
300 771 398 880 aaut,
432 785 472 834 eo
505 785 541 833 se
575 763 679 858 magis
713 763 824 834 oficio
859 763 1050 836 satisfacere
1081 759 1285 856 interpretis.
1343 758 1409 850 Qui

300 864 411 960 gravis
437 862 849 938 errorest.Nimi1·.um
859 865 1012 960 quoniam
1038 861 1165 934 multa
1154 886 1190 932 ιιι
1205 860 1266 931 illo
1287 879 1410 956 genere

229 959 231 964 ’
300 974 334 1036 ιι
358 964 581 1060 conquirenda
606 972 640 1036 ιι
665 966 880 1060 expendenda
905 973 1000 1056 suut,
1032 965 1222 1060 priusquam
1247 960 1325 1080 quid
1350 985 1411 1034 ve·

298 1091 371 1138 uum
397 1066 441 1137 sit
446 1066 698 1185 perspiciatur,
723 1067 887 1185 perditum
913 1090 986 1138 esse
1013 1091 1085 1137 eum
1106 1065 1252 1135 laborem
1264 1064 1411 1159 opinan-
1534 1103 1535 1108 ι

298 1180 365 1260 tur,
392 1167 456 1238 nisi
481 1168 547 1238 ista
573 1169 682 1240 omnia
706 1170 805 1240 etiam
831 1191 904 1240 cum
929 1168 1132 1240 auditoribus
1157 1167 1212 1237 vel
1230 1165 1412 1238 leotorihus

298 1269 547 1342 communicent.
598 1269 647 1341 At
671 1292 711 1341 eo
736 1279 793 1340 aut
818 1293 901 1340 vana
927 1270 1103 1341 ostentatio
1130 1275 1187 1338 aut
1212 1267 1314 1337 stulta
1330 1289 1412 1362 gar-

297 1371 415 1442 rulitas
441 1377 504 1440 ιιι.
557 1369 644 1461 Quid
669 1371 807 1466 prodest
831 1372 917 1442 euim
943 1393 1145 1460 enumerare,
1173 1391 1255 1464 quae
1281 1378 1317 1439 tu
1335 1368 1412 1485 qui-

298 1472 372 1543 dem
404 1471 629 1589 pervestigare
655 1472 856 1626 debueris,p
866 1473 925 1544 sod
959 1473 1183 1570 pervestigata
1208 1468 1411 1566 cognoveris

237 1592 244 1597 ·
298 1573 340 1644 ad
364 1574 571 1670 propositum
596 1574 726 1646 inutilia
752 1567 856 1647 osso?

399 1674 581 1746 Dillicilius
607 1686 659 1747 est
680 1677 835 1767 tertium,
863 1674 951 1772 quod
974 1667 1091 1771 posui,
1125 1680 1163 1744 ut
1186 1680 1278 1744 reete
1304 1695 1413 1768 expo·
1536 1703 1537 1760 ς

297 1783 436 1867 uantur,
471 1799 553 1871 quae
585 1787 715 1872 promat
746 1778 924 1874 interpres.
980 1775 1047 1848 Est
1079 1783 1186 1847 autem
1212 1782 1302 1846 reete
1329 1775 1412 1848 nihil

284 1877 386 1970 xalind
415 1902 509 1972 quam
531 1877 698 1970 distinete,
727 1879 888 1978 ordinate,
915 1877 1122 1972 simpliciter,
1149 1883 1239 1972 apte.
1289 1873 1413 1948 Dicam
1536 1909 1537 1924 ι

298 1979 339 2048 ιιι
365 1977 519 2067 singulis.

359 2069 618 2150 Verissimum
644 2083 715 2168 est,
749 2077 837 2173 quod
857 2075 929 2150 dici
954 2075 1053 2168 solet,
1079 2075 1161 2148 bene
1187 2075 1327 2168 dooere,
1354 2078 1415 2174 qui

296 2179 379 2259 liene
405 2177 599 2273 distinguat.
660 2177 905 2276 Distinguendo
932 2179 1018 2250 euim
1045 2184 1179 2250 cavetur
1203 2201 1245 2250 ne
1271 2177 1414 2250 coniun-

297 2280 416 2352 dantur
439 2279 762 2377 permisceanturque
790 2281 937 2352 diversa:
976 2281 1032 2376 qui
1056 2280 1239 2351 uberrimus
1258 2279 1333 2352 ions
1349 2288 1414 2356 est
1483 2297 1486 2306 '

297 2383 434 2454 erroris.
487 2379 597 2453 Simul
628 2391 736 2453 autem
770 2383 868 2454 otiam
901 2383 1055 2454 brevitati
1087 2383 1291 2474 consulitur,
1328 2407 1412 2478 quae

297 2484 473 2581 plurimum
510 2483 639 2556 confert
671 2483 713 2554 ad
748 2485 1030 2581 perspicuitatem.
1091 2481 1288 2580 Segregatis
1325 2485 1413 2556 ιιιίιιι

268 2593 269 2598 ’
299 2587 416 2670 alienis
433 2584 517 2657 illud
531 2586 652 2682 ipsum,
680 2587 767 2682 quod
785 2585 956 2658 dicendum
973 2596 1037 2678 est,
1063 2587 1272 2682 relinquitur.
1322 2585 1413 2657 Hine

290 2688 465 2780 videmus,
507 2689 563 2783 qui
588 2688 713 2786 prolixi
738 2697 834 2780 sunt,
867 2687 937 2761 iere
964 2690 1123 2774 obscuros
1148 2713 1241 2780 esse,
1276 2687 1353 2784 quia
1376 2685 1412 2756 id

300 2814 364 2885 quo
392 2815 475 2886 opus
500 2798 644 2860 estnon
671 2789 915 2881 discernentes,
952 2815 991 2862 ea
1017 2791 1134 2887 quibus
1159 2815 1226 2862 nou
1252 2814 1335 2885 opus
1359 2798 1413 2859 est

201 2903 206 2922 ¹
300 2889 500 2979 admiscent,
541 2913 646 2982 eoque
677 2889 804 2962 faciunt
824 2899 878 2961 ·ut
909 2915 972 2961 uee
1003 2915 1120 2985 purum
1152 2900 1298 2984 emergat
1329 2888 1413 2961 illud

301 2988 387 3086 quod
413 2988 613 3060 afferendum
638 2998 723 3078 erat,
749 2999 784 3060 et
809 2988 982 3060 deliteseat
1007 2991 1215 3060 obscuratum
1232 2990 1319 3060 inter
1333 3013 1414 3062 oue-

201 3169 205 3178 ,
300 3095 384 3161 tera.
435 3086 546 3161 Simul
571 3095 679 3158 autem
705 3088 795 3158 aliud
819 3089 966 3160 nascitur
990 3089 1079 3160 male
1102 3089 1391 3207 distinguendo
1359 3115 1414 3160 vr·

300 3191 395 3262 tium.
446 3186 531 3259 Nam
564 3212 630 3259 non
662 3196 774 3292 potest
805 3197 895 3260 reete
928 3189 1013 3260 ratio
1047 3187 1200 3264 concludi
1230 3190 1317 3262 uisi
1330 3191 1413 3264 bene

300 3290 466 3366 distinctis
493 3280 717 3462 dolinittisque
726 3314 836 3362 rerum
861 3291 1062 3362 notionibus.
1112 3292 1216 3388 Atqui
1234 3292 1312 3389 quid
1333 3303 1413 3392 pot-

301 3403 353 3465 est
377 3391 522 3488 ineptius
548 3400 604 3462 aut
631 3391 743 3465 vanius
769 3411 863 3484 esse,
904 3416 1000 3490 quam
1031 3393 1250 3466 exaedificare
1275 3394 1414 3469 demon-

301 3493 492 3584 strationes,
519 3517 602 3588 quae
629 3501 719 3566 totae
746 3502 913 3586 corruant,
939 3492 1092 3568 simulac
1101 3505 1197 3593 putre
1218 3496 1413 3572 lundomen-

300 3605 371 3668 tum
397 3587 576 3690 attigeris?
626 3593 697 3668 Sed
722 3596 912 3668 tenendus
901 3621 936 3668 ιι
953 3597 1183 3693 distinguendo
1200 3600 1329 3689 modus,
1356 3599 1413 3694 qui

170 3735 173 3748 ·
302 3699 409 3770 iustus
435 3698 492 3768 sit.
543 3695 630 3771 Sunt
653 3697 739 3772 euim
753 3699 909 3794 quidam
899 3707 947 3770 rta
964 3697 1145 3796 addistin
1127 3700 1286 3771 ruendum
1301 3700 1412 3797 proni,

293 3810 339 3872 'ut
364 3799 497 3870 finem
486 3800 633 3870 ιιιιιιιίι·ι
660 3808 834 3895 nequeant.
884 3800 932 3872 At
956 3800 992 3873 id
1016 3809 1069 3872 est
1054 3803 1171 3874 tmale
1189 3801 1410 3898 distinguere.

214 3900 219 3910 ¹
302 3927 368 3974 uon
394 3899 597 4009 distioguunt
622 3900 708 3972 euim
732 3902 951 3974 necessariam
977 3911 1010 3973 et
1035 3903 1149 3974 utilem
1169 3904 1412 3976 distinctionem

282 4005 343 4074 'ab
370 4012 671 4097 supervacaneaet
657 4003 818 4073 tinutili.

404 4102 535 4174 Deinde
561 4102 738 4175 curandum
764 4112 834 4195 est,
862 4111 900 4174 ut
926 4102 1039 4176 ordine
1064 4105 1292 4201 prolevautur,
1329 4127 1416 4202 quae

303 4203 442 4279 dicenda
467 4213 555 4295 suut,
582 4205 777 4301 praesertim
797 4206 832 4278 si
856 4205 999 4301 longior
1015 4216 1065 4278 est
1091 4214 1187 4302 atque
1213 4205 1413 4304 implicatior

304 4301 497 4402 disputatio.
547 4304 632 4406 Nam
658 4305 825 4378 ordino
798 4333 827 4378 ει
853 4331 1013 4404 exponas,
1040 4307 1129 4378 aliud
1150 4331 1193 4380 er
1214 4309 1287 4381 alio
1294 4315 1412 4403 sponte

303 4416 471 4506 patescet,
505 4429 610 4504 neque
644 4431 727 4506 opus
753 4409 816 4481 erit
841 4418 898 4480 aut
928 4409 1139 4506 interpellare
1171 4432 1352 4482 sermonem
1377 4417 1412 4480 et
