3104 5046
506 449 556 510 DE
580 437 829 512 ΥΠΟΒΟΛΗῙ.
1181 447 1237 516 69,
1367 475 1376 488 ·

215 616 310 688 τοῖσι
335 611 372 688 d‘
402 572 646 710 ἀνιστάμενος
657 612 796 713 μετέφη
815 610 950 711 κρείων
966 612 1249 716 Ἆγαμὲμνων,6

214 711 611 824 μῆνινᾶναστενάχων
626 715 689 791 καὶ
708 715 777 815 ὑφ’
799 717 916 800 ἕλκεος
930 717 1043 818 ἄλγεα
1058 713 1223 813 πάσχων.
1337 753 1339 760 ·

116 866 310 940 Aristarcho
344 867 402 939 alii
432 855 639 966 grammatici
670 875 914 966 opposuerunt,
957 868 1104 966 ineptum
1137 893 1225 962 esse,

116 969 230 1074 sedere
244 969 601 1070 Agamemnonem,3ut
624 979 690 1045 uon
706 970 823 1067 pedis,
850 970 909 1043 sed
927 970 1053 1044 braolrii
1075 969 1225 1064 vulnere,

27 1151 29 1163 p
116 1095 218 1168 eoque
244 1095 311 1144 uon
337 1071 506 1144 admodum
533 1072 628 1169 gravi
652 1081 810 1170 accepto,
846 1071 975 1170 quando
1007 1071 1120 1170 paullo
1147 1080 1226 1170 post
1361 1118 1366 1128 ι
1468 1101 1475 1112 ’

117 1197 242 1246 verrem
267 1180 400 1245 mactet.
459 1171 518 1246 Ex
549 1173 613 1246 lrao
647 1181 681 1246 at
707 1173 994 1270 grammaticorum
1020 1171 1226 1246 dissensione

115 1282 148 1346 et
174 1273 395 1370 discrepantia
420 1275 603 1374 scripturae
623 1275 688 1348 hoc
704 1284 813 1348 tamen
830 1273 959 1348 videtur
974 1275 1090 1371 colligi
1109 1299 1226 1372 posse,
1323 1311 1325 1320 ·

113 1383 213 1472 prout
245 1375 469 1471 explicaretur
497 1369 740 1472 ὑποβάλλειν,
777 1376 830 1449 vel
862 1385 970 1450 stante
1004 1377 1058 1448 vel
1091 1376 1226 1450 sedente

108 1478 359 1575 ‘Agamemnone
386 1477 453 1548 dici
477 1479 642 1574 posuisse.
700 1476 798 1551 Nune
821 1479 972 1574 plerique
998 1477 1039 1550 dc
1064 1477 1227 1576 interpel·
1341 1561 1346 1571 Δ

112 1577 213 1650 lando
241 1575 362 1660 dictum
388 1578 582 1670 uoluerunt,
612 1580 661 1650 ita
687 1577 837 1676 quidem,
869 1587 997 1650 utnon
1021 1577 1225 1674 Agamemno

111 1681 214 1770 alios,
241 1678 299 1750 sed
315 1678 374 1749 alii
388 1677 666 1774 Agamemnonem
682 1678 869 1751 dicerentur
882 1678 1108 1774 interpellare.
1142 1680 1227 1770 Qui-

111 1781 189 1854 dam
216 1804 293 1852 vero
320 1777 360 1851 de
387 1779 605 1876 suggerendis
632 1804 715 1877 quae
731 1779 869 1852 dicenda
886 1786 998 1852 essent
1015 1788 1225 1875 acceperunt,

112 1881 173 1955 sed
198 1907 265 1954 non
289 1906 354 1953 uno
380 1881 492 1953 modo.
542 1879 628 1956 Nanr
642 1881 843 1979 Apollonius
857 1879 1135 1979 interpretalratur
1154 1908 1226 1976 μη-

111 1980 190 2066 δείς
221 2009 285 2078 μοι
309 1979 547 2080 ὑποβαλέτιο,
587 1991 706 2079 putans
731 1981 1012 2080 Agamemnonem
1044 1983 1107 2054 sibi
1143 2005 1225 2079 quae
1274 2021 1302 2086 ⁸.

112 2085 241 2158 diecret
265 2085 401 2182 suggeri
433 2084 473 2159 ab
500 2084 574 2156 aliis
599 2085 768 2174 noluissa;
804 2085 870 2156 alia
895 2091 1003 2157 autem
1030 2084 1224 2184 explicatio,

112 2187 207 2260 cuius
233 2196 349 2259 auctor
372 2185 435 2258 luit
454 2186 609 2279 Archias,
635 2187 768 2283 prodita
792 2195 844 2259 est
869 2187 909 2258 alr
934 2211 1000 2259 uno
1027 2187 1226 2260 scholiasta·
1344 2271 1349 2282 ¹

111 2313 184 2362 rum
211 2296 308 2384 atque
334 2285 511 2360 Eustathio
538 2298 572 2361 et
597 2289 633 2358 in
657 2289 769 2361 lexico
794 2287 987 2385 Apollonii,
1022 2311 1086 2384 qua
1112 2296 1226 2362 orator

112 2391 186 2489 ipse
212 2389 356 2462 creditus
390 2397 441 2461 est
467 2413 530 2462 non
558 2388 676 2462 debere
702 2389 761 2460 alii
788 2413 988 2486 suggerere,
1023 2413 1106 2487 quae
1131 2391 1162 2462 is
1187 2396 1225 2461 ut

111 2493 277 2588 interpres
311 2490 428 2563 deinde
462 2491 716 2563 communicaret
751 2514 824 2562 cum
859 2489 1019 2562 caeteris:
1063 2489 1148 2560 unde
1183 2489 1226 2562 ad

113 2589 307 2668 σὺνθεσθι
333 2590 522 2662 adnotatum
547 2597 618 2660 esta
652 2585 755 2662 aida*
781 2587 900 2662 λοιποὶ
926 2583 1150 2670 ἀκούσαντες
1175 2591 1226 2659 εἴ·

112 2721 206 2768 πατε
231 2696 308 2772 τοῖς
332 2687 382 2786 μὴ
409 2685 625 2763 ἀκούσασιν.
675 2687 828 2783 Vtraque
854 2688 939 2760 ratio
956 2687 1126 2783 displicuit
1149 2691 1229 2768 τοῖς

80 2875 85 2885 ,
110 2791 377 2892 χαριεστέρως,
404 2790 491 2888 quod
516 2791 663 2887 ignotum
688 2789 835 2863 Homero
861 2788 974 2880 luerit,
1000 2796 1037 2860 ut
1062 2787 1228 2861 scholias-

99 2905 167 2971 ¹tac
190 2894 300 2967 verbis
321 2903 407 2986 utar,
432 2889 475 2965 τὸ
491 2898 661 2966 τοιοῦτον
677 2888 775 2973 εἶδος
788 2897 852 2986 τῆς
868 2886 1106 2992 δημηγορίας,
1133 2887 1229 2991 λέγω
1333 2971 1343 2984 .

115 2995 155 3074 dd
188 2994 231 3070 τὸ
270 2997 309 3080 ἐξ
341 2986 587 3096 ἀναγνώσεως
625 2991 705 3069 καὶ·
752 3000 872 3090 ραφῆς
909 2985 1225 3088 ὑποβαλλόμενον.

114 3099 253 3174 Rectius
278 3095 493 3170 Eustathiusz
529 3093 593 3170 dud
618 3093 661 3168 τὸ
686 3123 738 3192 μη
763 3091 1002 3192 εὑρίσκεσθαί
1026 3113 1098 3168 που
1123 3091 1225 3190 παρὰ

107 3207 168 3300 ’τῷ
194 3207 322 3296 ποιητῇ
349 3197 417 3294 τὴν
443 3195 494 3272 dt'
523 3195 735 3295 ὑποβολέως
759 3193 1001 3298 ὃημηρορίαν.
1052 3196 1225 3294 Apollonii

116 3302 246 3400 quidem
271 3301 524 3398 explicationem
555 3308 646 3372 rento
678 3298 881 3396 repudiatam
909 3323 982 3370 esse
1007 3323 1105 3369 nemo.
1129 3297 1226 3368 dulri·

111 3405 211 3477 tabit.
263 3401 373 3496 Quare
399 3401 440 3472 de
465 3401 547 3473 solis
574 3400 698 3472 duabus
723 3400 860 3494 reliquis
887 3399 1075 3471 videndum.

119 3609 122 3630 2
211 3549 449 3650 Ὑποβάλλιιν
472 3551 506 3622 in
532 3550 574 3622 iis
600 3573 683 3646 quae
704 3550 740 3621 in
754 3548 940 3646 Opusoulis
958 3549 1077 3646 scripsi
1095 3548 1227 3621 ostendi
1340 3617 1343 3624 .

118 3657 252 3754 proprie
285 3655 472 3752 significare
504 3647 691 3724 subiicere
717 3653 838 3724 alteri
869 3649 976 3750 qaod
991 3648 1226 3726 recordetur

117 3761 180 3852 aed
201 3757 320 3832 dieat.
373 3753 469 3846 Quod
502 3777 599 3849 quum
632 3751 710 3847 quid
741 3752 914 3824 subiicitur
944 3775 1014 3823 non·
1038 3750 1225 3824 recordanti

120 3862 182 3933 vel·
196 3859 285 3930 aliud
312 3858 389 3954 quid
416 3856 557 3946 dicturo,
585 3853 758 3925 coniuncta
783 3860 835 3924 est
860 3851 991 3948 quidem
1008 3875 1046 3923 ea
1065 3852 1225 3925 subiectio

113 3985 190 4035 ,cum
219 3959 356 4056 quadam
380 3956 665 4054 interpellatione,
693 3955 769 4051 quia
794 3954 836 4024 ad
862 3953 950 4026 aliud
968 3954 1143 4027 convertit
1165 3979 1226 4026 co-

117 4064 311 4159 gitationem
336 4061 426 4152 eius,
459 4058 512 4130 cui
538 4057 615 4153 quid
641 4057 831 4148 subiicitur,
865 4055 923 4128 sed
948 4079 1014 4128 non
1039 4063 1091 4128 est
1116 4063 1224 4128 tamen

117 4175 155 4236 ut
186 4164 261 4261 ipsa
292 4185 353 4259 per
384 4185 420 4234 se
445 4159 553 4257 possit
577 4159 800 4255 interpellatio
827 4157 958 4250 uocari,
998 4180 1082 4255 quae
1113 4163 1225 4252 potest
1314 4157 1319 4162 ’
1414 4225 1418 4232 .

120 4266 219 4338 etiarn
249 4263 439 4360 imperando
473 4261 605 4332 silentio
638 4262 689 4348 vel
724 4260 1029 4333 commemoratione
1062 4257 1223 4330 contineri

119 4368 169 4438 rei
193 4367 292 4464 plane
317 4364 456 4436 alienae.
507 4361 688 4434 Videamus
712 4361 778 4434 iam
804 4360 883 4456 quid
906 4360 1044 4434 moverit
1068 4381 1140 4448 cos,
1167 4357 1223 4451 qui
1308 4373 1318 4394 ‘

119 4468 396 4566 Agamemnonem
420 4466 528 4563 ipsum
553 4487 627 4539 esse
651 4459 719 4538 τὸν
742 4457 1002 4564 ὑποβάλλοντα
1026 4464 1226 4532 statuerunt.
