3084 5050
521 351 570 412 nc
600 347 851 413 rnoeoAru.
988 421 992 428 f
1071 423 1076 434 ,
1200 351 1274 446 τε,
1363 445 1372 466 ,

133 511 301 604 αιἰόσίιιν,
329 517 424 616 qaino
450 512 697 600 ἀνταπόδοσις
720 516 881 592 edicatur
905 525 983 594 τῶν
1008 516 1242 615 ἀποβληθεν-
1337 525 1339 532 '

131 641 229 702 των,
270 639 394 717 σαρκο
413 614 549 713 fuerit
577 617 874 720 ιάεοηαιλονννι,
919 622 1146 720 suggestori
1173 645 1242 694 ιιιο
1335 619 1338 624 ’

131 713 489 818 oddeonqreremtdwm.
539 717 665 792 Fateor
690 745 753 816 ego
778 737 830 792 me
856 745 921 793 nou
944 721 1147 819 intelligere,
1174 747 1239 820 quo

129 818 228 892 rnodo
254 821 314 890 tali
340 821 561 917 explicatione
589 821 739 895 ellectum
766 822 829 915 sit,
866 831 903 894 ut
926 823 991 894 iarn
1017 848 1082 896 non
1108 821 1240 897 dubium

130 919 280 994 videatur
305 922 381 1018 quin
401 918 649 1004 ἀνταπόδοσις
667 924 712 994 sit
727 927 805 1013 τῷν
818 921 1122 1020 ὑποβληθέντων.
1154 922 1240 1000 Nan

128 1045 235 1116 neque
261 1031 426 1095 ostensum
453 1033 517 1115 est,
544 1019 797 1100 ἀνταπόδοσιν
811 1023 996 1122 ὑποβολῆς
1013 1027 1046 1098 'et
1064 1050 1130 1114 nou
1146 1022 1240 1100 ἀπο-
1327 1077 1330 1082 -

127 1121 248 1218 βολὴν
278 1121 560 1209 ἀνταποδόσεως
593 1126 713 1218 dictum
736 1141 847 1217 esse,
889 1151 951 1201 nec
983 1127 1238 1200 demonstratum

128 1225 208 1320 quid
234 1225 278 1298 sit
304 1222 583 1310 ἀνταπόδοσις.Ι
622 1225 663 1299 Id
695 1238 773 1325 post
804 1229 863 1300 illa
889 1229 1016 1301 demum
1040 1227 1151 1303 facere
1177 1253 1239 1326 ag-

127 1326 487 1421 greditur‚sPlutarchi
514 1330 625 1403 uerbis
645 1339 741 1402 utens
761 1329 796 1402 in
814 1329 857 1421 Q.
876 1327 1035 1428 Sympos„
1046 1327 1117 1402 IX.
1140 1334 1177 1421 2,
1201 1335 1238 1404 1.

125 1433 163 1523 pi
178 1430 267 1502 737.
293 1429 340 1500 D.
355 1428 569 1521 προςόταξεν
583 1431 674 1504 ἄνευ
687 1426 824 1528 κλήρου
838 1429 1048 1531 γεωμέτρην
1061 1457 1237 1532 γραμμα-

121 1535 217 1624 caepi
242 1534 430 1621 προτεῖναι
454 1529 517 1602 καὶ
541 1535 719 1626 ῥητορικῷ
744 1525 939 1625 μουσικόν·
976 1529 1054 1604 εἶτα
1080 1533 1238 1626 ἔμπαλιν

124 1627 377 1726 ἀναστρέφειν·
405 1627 473 1712 τάς
504 1627 785 1719 ἀνταποδόσεις,
824 1657 929 1728 eoque
961 1633 1011 1705 sic
1045 1635 1235 1728 explicanda

123 1729 266 1804 deinde
297 1733 340 1804 ι’νι
371 1733 614 1804 corner-ardum
638 1734 830 1808 invertere
864 1756 910 1806 re
1006 1729 1125 1806 demedi
1147 1731 1236 1831 offi-

124 1834 286 1922 cimela
311 1844 357 1906 ut
377 1843 579 1932 geometra
599 1835 922 1933 grammatea-r
964 1835 1048 1906 tori
1066 1835 1241 1914 αοιιιδοιιε

123 1932 385 2034 responderet.
436 1933 477 2007 Id
506 1935 654 2007 voluerat
672 1935 781 2008 dicere
796 1947 1021 2036 geometrae
1032 1957 1234 2036 gramma·

122 2035 237 2126 ω’ωιι,
262 2033 393 2109 rhetor
416 2039 572 2114 mesdeo.
622 2035 818 2140 Explicavit
840 2045 950 2133 autem
974 2045 1064 2110 recte
1089 2037 1233 2133 quidem,
1316 2064 1321 2078 ·

123 2137 185 2210 sed
209 2161 275 2209 nou
308 2146 345 2209 ut
377 2139 557 2216 ostenderit
582 2132 835 2214 ἀνταπόδοσιν
859 2163 932 2212 esse
957 2139 1012 2231 id,
1047 2139 1133 2236 quod
1159 2163 1234 2212 enm
1289 2185 1301 2214 s

124 2238 215 2309 uelle
247 2246 357 2336 potet,
400 2242 647 2337 responsionem
674 2240 725 2312 ad
759 2242 961 2337 propositam
994 2240 1232 2337 quaestionem.

121 2338 359 2412 Monstrahunt
382 2341 417 2412 id
442 2365 494 2431 ea,
520 2365 603 2437 quae
630 2353 811 2437 sequuntur
824 2340 996 2412 Plutarchi
1019 2343 1129 2413 uerba.
1171 2339 1232 2415 sio

122 2441 211 2512 enirn
243 2443 373 2538 pergite
408 2442 622 2539 προῦτεινεν
655 2437 723 2516 οὗν
755 2439 774 2514 ὃ
804 2439 954 2536 Ἑρμὲας
982 2438 1002 2513 ὃ
1028 2439 1235 2540 γεωμέτρης
1292 2529 1295 2539 y

120 2541 359 2641 Πρωτογένει
383 2550 437 2636 τῷ
458 2549 703 2641 γραμματικῷ
719 2547 864 2636 πρῶτος
884 2537 1008 2612 αἰτίαν
1025 2545 1150 2628 εἰπεῖν,
1177 2540 1226 2614 δι”

119 2642 170 2738 ἢν
198 2638 248 2718 τὸ,
267 2643 369 2738 ἀλφα
399 2637 639 2735 προτάττεται
669 2647 747 2712 τῶν
777 2635 1011 2738 γραμμάτιον
1036 2635 1230 2716 ἀπόντων·
1328 2684 1335 2690 -

121 2747 144 2818 b
171 2741 213 2816 δε
246 2769 316 2838 την
341 2769 382 2816 εν
412 2746 493 2824 ταῖς
526 2743 673 2836 σχολαῖς
704 2739 902 2840 λεγομένην
916 2737 1102 2816 ἀπέδωκε.
1160 2739 1262 2818 Rea

121 2844 257 2942 spondit
272 2843 500 2939 Protogenes,
516 2843 613 2940 ·quod
628 2851 679 2914 est
693 2840 877 2930 ἀπέδωκε,
902 2867 968 2918 uon
983 2838 1230 2931 ἀνταπέδωκε,
1340 2841 1344 2848 ’

122 2947 210 3045 quod
238 2947 277 3018 de
294 2946 483 3043 Protogene
509 2946 600 3016 nullo
626 2945 722 3018 modo
750 2945 816 3016 dici
837 2941 957 3041 potuit,
985 2944 1043 3016 sed
1059 2944 1247 3018 dicendum·

121 3049 185 3120 snt
210 3047 250 3120 dc
276 3047 432 3140 Hermae,
459 3048 488 3120 si
513 3047 591 3119 huic
615 3046 733 3119 deinde
760 3046 986 3142 aProtogene
1012 3056 1102 3122 essct
1126 3070 1230 3141 quae-
1305 3043 1307 3052 ’

122 3151 186 3222 stio
212 3151 395 3247 proposita.
456 3149 551 3246 Ergo
583 3149 649 3221 isto
674 3148 847 3220 Plutarchi
872 3148 1059 3220 testimonio
1086 3167 1150 3220 nou
1177 3155 1230 3222 est

112 3245 292 3342 ‘effectuum
326 3260 363 3324 ut
388 3245 635 3332 ἀνταπόδοσις
658 3247 844 3346 ἀποβολῆς
868 3250 912 3321 sit
936 3249 971 3320 id
998 3249 1084 3345 quod
1110 3250 1230 3340 voluit,

121 3354 313 3449 dicaturque
346 3349 622 3426 ἀνταποδοῦναι
648 3351 848 3448 discipulus,
889 3350 945 3446 qui
970 3349 1150 3424 reddiderit
1177 3352 1228 3422 vel
1309 3373 1314 3378 ·

60 3521 63 3526 .
121 3455 307 3527 exhibuerit
332 3477 372 3526 ea
398 3475 480 3548 quac
505 3451 662 3546 magister
687 3450 870 3522 exhibenda
896 3451 1135 3546 significasset,
1168 3451 1227 3526 sed
1306 3493 1308 3503 ·

121 3555 332 3653 consequitur
352 3554 475 3650 potius,
501 3561 550 3641 ut,
576 3552 632 3646 qui
651 3551 831 3647 discipulus
847 3551 911 3622 hoc
925 3552 1036 3643 saciat,
1054 3548 1228 3626 'duodoni
1266 3599 1267 3606 κ
1339 3631 1343 3639 x
1418 3610 1422 3619 .

120 3685 195 3745 ναι,
222 3669 451 3750 certamenque
472 3649 647 3734 ἀπόδοσις
669 3649 856 3746 ὑποβολῆς
880 3654 1040 3747 appellari
1064 3652 1225 3730 debuerit.
1283 3702 1290 3716 ,

119 3758 215 3831 Haec
240 3761 382 3831 sirecte
408 3754 590 3852 disputavi,
621 3777 687 3824 non
715 3752 827 3824 uideor
852 3752 931 3823 mihi
954 3754 1074 3828 iniuria
1099 3755 1138 3827 do
1164 3756 1227 3827 ob-

121 3861 277 3933 scuritate
309 3857 472 3930 Nitnschii
505 3864 639 3952 questus
672 3879 765 3946 esso,
801 3853 981 3950 simulque.¹
994 3854 1116 3932 fontem
1143 3881 1223 3953 apc-

119 3963 226 4034 ruisse
251 3962 342 4033 illius
369 3957 597 4048 obscuritatis,
624 3957 680 4053 qui
706 3965 757 4027 est
781 3955 815 4028 in
842 3955 1012 4031 sententiis
1037 3979 1101 4036 uec
1123 3958 1220 4056 plene
1330 4017 1333 4030 a

108 4064 337 4159 distincteque
363 4059 557 4149 enuncians,
583 4083 687 4155 nequa
713 4054 899 4149 mondino,
926 4082 1020 4153 quern
1038 4058 1088 4129 rei
1103 4067 1221 4133 natura

119 4173 291 4255 monstrat,
317 4161 499 4260 dispositis.
550 4159 646 4254 Quod
671 4160 701 4230 si
724 4160 759 4234 in
780 4157 988 4232 Teiotitulo
1008 4153 1220 4232 dreanddo·

120 4288 175 4348 σις
199 4264 384 4362 ἀποβολῆς
410 4263 501 4336 dicta·
521 4270 592 4351 est,
619 4275 683 4336 non
718 4259 846 4333 videtur
878 4283 918 4332 ea
943 4260 1032 4336 aliud
1057 4283 1130 4330 essa
1154 4282 1218 4355 po·-

119 4369 234 4460 tuisse‚
261 4383 356 4464 quam
370 4374 421 4438 nt
441 4363 690 4460 discipuluspsi
713 4357 878 4458 ἀποβολὴ
900 4363 937 4437 iu
962 4360 1114 4434 carminis
1128 4358 1216 4432 reci·
1354 4417 1362 4438 .
