3084 5050
272 396 284 421 '
407 405 701 468 EbOENDdTIONES
721 406 960 472 manteau.
1176 407 1240 488 lca

128 574 320 652 scriberem.
387 569 540 648 Pessime
573 572 659 646 enitn
690 581 725 646 et
754 573 949 648 incisionem
980 575 1167 670 egreditur,
1204 585 1248 649 et·

127 680 266 752 duarum
291 675 488 772 syliabarum
513 698 627 747 uocem
651 674 850 795 discerptam
867 677 966 750 babet
981 678 1016 750 in
1036 683 1147 776 partes
1169 677 1239 751 ictu

126 780 323 869 destitutas,
356 777 515 873 peiusque
542 777 661 867 etiam,
697 778 732 850 si
755 778 966 897 producenda
991 779 1159 865 anacrnsis
1186 787 1238 852 est

127 881 276 956 adiecto
273 903 319 953 ν.
371 875 561 952 διιοοαιιιαο
592 877 774 952 mihimet
763 905 855 976 lpse,
896 879 984 977 quod
1015 879 1099 952 illud
1125 881 1238 952 vitium

126 974 315 1156 ppoffip
319 979 500 1054 tollendum
525 987 616 1052 esset
638 1003 706 1054 non
730 979 851 1054 dudum
875 981 1042 1055 intellexi.
1092 979 1239 1080 Scripsit

173 1109 195 1157 ιι

231 1225 300 1308 cdd'
329 1227 404 1306 εἶπε
428 1228 697 1327 μαρναμένων·

231 1341 319 1434 φυᾷ
336 1331 379 1406 τὸ
403 1336 577 1434 γενναῖον
602 1330 785 1429 ἐπιπρέπει

230 1440 271 1512 ἐκ
295 1438 476 1532 πατιρων,
502 1435 581 1522 παῖ,
608 1432 667 1510 σοὶ
691 1440 807 1530 λῆμα
841 1432 1005 1564 θαέομαι
1032 1433 1147 1533 σαφὲς

180 1533 421 1636 δράκοντα
446 1533 610 1610 ποικίλον
635 1536 750 1618 αἰθᾶς
767 1534 990 1664 Ἆλιμᾶν”
974 1536 1030 1610 ιπ’
1059 1535 1215 1622 ἀσπίδος

232 1644 419 1734 νωμῶντα
443 1643 591 1735 πρῶτον
615 1637 656 1711 ἐν
679 1632 840 1735 Κάδμου
863 1632 1005 1722 πύλαις.

82 1845 84 1848 -
128 1793 237 1870 Suum
260 1789 482 1888 Amphiaraus
513 1787 618 1860 filiurn
641 1788 875 1863 Alcmaeonem
908 1790 1072 1886 appellat,
1106 1788 1147 1862 dc
1173 1815 1237 1887 quo

130 1897 208 1969 dein
231 1893 338 1966 tertia·
355 1914 498 1988 persona
523 1898 620 1963 utens
644 1892 737 1987 loqui
762 1892 886 1990 pergit.
935 1891 1103 1964 Habemus
1128 1892 1179 1965 sic
1203 1899 1238 1964 et

129 1997 322 2070 incisionem
347 1993 383 2065 in
408 1993 469 2065 iilo
494 2017 560 2064 ιιιιο
587 2017 695 2085 nemu,
724 1994 760 2065 in
786 2018 850 2092 quo
875 1994 967 2065 laesa
992 2002 1076 2086 eret,
1101 1994 1239 2068 restitu-

130 2107 215 2190 ιοιιι,
248 2104 283 2170 et
316 2119 411 2191 qnam
443 2096 638 2168 confirmant
667 2104 801 2215 praeter
832 2105 931 2168 ιιιιιιιιι
962 2119 1092 2168 uersum
1125 2117 1237 2168 omues

130 2201 262 2297 longam
288 2197 473 2270 anaorusiu.
523 2195 595 2268 Iam
628 2198 702 2293 quis
728 2197 907 2289 dubitabit,
944 2197 1023 2293 quin
1048 2198 1145 2270 etiam
1172 2187 1261 2270 une?

130 2303 190 2374 iiia
221 2299 329 2372 breuis
355 2298 523 2368 anaorusis
555 2298 599 2370 sit
632 2291 854 2372 removenda?
902 2297 969 2371 Est
993 2298 1029 2370 id
1053 2308 1161 2392 autera
1185 2298 1239 2372 ia-

131 2404 303 2476 cillimum.
353 2397 570 2471 Soribeudum
595 2399 700 2471 cuim·

255 2549 437 2650 κρέσσονα
461 2543 622 2622 πλούτου
645 2546 850 2647 μέρμηραν.
885 2549 927 2624 ἐν
951 2547 989 2624 d'
1018 2547 1142 2651 ὀλίγῳ.

232 2700 317 2773 Plus
342 2699 468 2796 negotii
491 2698 627 2771 facessit
651 2686 726 2772 finis
753 2699 950 2797 epodorum=

146 2939 152 2956 Ι
258 2880 293 2926 α.
328 2847 414 2925 υἱὸν
438 2847 525 2947 ποία
550 2847 791 3038 Παρνασσιὸι
814 2854 952 2948 Δωριεῖ
973 2879 1012 2925 τι
1036 2848 1161 2950 κώμῳ.

256 2953 295 3052 β.
328 2950 433 3035 υἱοὺς
460 2951 641 3050 Θήβαις
620 2951 705 3049 pot&
705 2981 771 3026 ατο
795 2952 1051 3082 παρμένοντας
1074 2959 1203 3052 αἰχμᾷ.

209 3082 289 3157 y.
324 3082 596 3150 μαντευματων
611 3055 645 3129 τ’
665 3050 838 3154 ἐφάψατο
856 3078 928 3157 συγ
952 3050 1068 3130 όνοισι
1083 3054 1236 3151 τέχναις.

256 3155 291 3232 d.
326 3155 446 3240 νίκαις
468 3154 635 3256 τρισσαις
651 3157 897 3286 Ἀριστομινιι
918 3083 1150 3251 deducenda?
1130 3159 1236 3259 ἔργῳ.

257 3263 443 3354 αΠηλιῖ
465 3285 503 3331 τε
527 3259 689 3359 κάγαθῷ
712 3254 902 3356 Τιλοίμωνι
923 3255 995 3334 σύν
1017 3259 1051 3333 τ’
1073 3259 1237 3354 Ἀχιλλεῖ.

130 3411 209 3486 Nou
234 3411 351 3482 urinum
376 3409 452 3480 est
442 3433 479 3480 rn-
493 3409 557 3480 bae
575 3395 782 3480 numerorum
798 3409 988 3482 diversitate
1005 3409 1120 3483 dubios
1134 3411 1238 3485 fuisse

133 3514 287 3602 criticos,
319 3534 382 3606 qua
406 3510 505 3581 metri
528 3509 604 3606 lege
629 3510 691 3582 bos
716 3533 830 3582 uersus
856 3512 998 3607 scriptos
1024 3535 1096 3583 esse
1121 3537 1240 3586 cense-

132 3623 220 3706 rent,
245 3611 458 3711 prolataoque
484 3634 582 3706 quum
607 3611 646 3682 ab
672 3610 760 3700 aliis,
786 3619 855 3683 tum
880 3634 969 3682 ame
983 3611 1057 3708 ipso
1076 3622 1152 3686 sunt
1167 3611 1244 3688 ford

132 3721 427 3804 membrorum,
460 3711 577 3809 quibus
602 3718 817 3784 excusaretur
849 3703 977 3807 quidcin
1003 3713 1238 3809 quedammodo

132 3826 226 3889 tauta
250 3815 488 3913 discrepantia,
515 3813 589 3886 sed
598 3821 708 3886 ιιιιιοιι
732 3837 797 3885 uon
820 3811 869 3886 ita
894 3813 1024 3885 defendi
1048 3817 1176 3912 potuit,
1201 3827 1240 3892 ut

134 3919 204 4015 apti
230 3925 264 3990 et
288 3918 369 3989 bone
395 3916 589 4034 compositi
593 3939 667 3988 esse
680 3914 807 3987 numeri
829 3913 1026 3989 uiderentur.
1075 3915 1238 3992 Nimirum

134 4043 247 4092 omnes
280 4043 300 4091 a
331 4019 416 4090 falso
448 4017 611 4115 principio
645 4041 772 4089 eramus
804 4041 865 4144 pro
867 4015 958 4090 fecti.
1021 4017 1107 4094 Nam
1139 4044 1238 4116 quum
1281 4040 1285 4044 ·

134 4120 258 4220 quod
246 4145 282 4192 ιιι
305 4121 404 4194 tertia
429 4117 534 4217 epodo
555 4126 618 4212 est,
643 4113 928 4240 μαντευμάτων,
941 4119 1019 4193 'tam
1036 4121 1215 4194 firmum
1184 4145 1236 4193 ιι·

135 4221 286 4310 deretur,
311 4230 348 4294 ut
371 4246 413 4294 ne
438 4221 551 4294 umbra
576 4170 704 4328 quiidern
730 4222 927 4318 suspicionis
951 4223 1071 4294 ultim
1097 4229 1236 4294 mentem

135 4324 281 4415 veniret,
315 4323 379 4394 iste
406 4344 518 4395 uersus
551 4348 612 4420 pro
637 4317 697 4418 leg'
674 4346 713 4394 ne
739 4328 773 4394 oi
798 4347 930 4414 norma,
966 4323 1008 4394 ad
1041 4345 1135 4417 quam
1161 4321 1236 4392 eri-

136 4424 236 4522 gendi
266 4430 377 4565 esseut
406 4424 553 4516 numam,
587 4431 641 4496 est
664 4381 807 4496 iiabibrs.
856 4421 955 4495 Vnde
979 4430 1075 4494 natae
1100 4420 1211 4492 eunt
1200 4425 1235 4494 ni
