<?xml version="1.0" encoding="UTF-8"?>
<!DOCTYPE html PUBLIC "-//W3C//DTD XHTML 1.0 Transitional//EN"
    "http://www.w3.org/TR/xhtml1/DTD/xhtml1-transitional.dtd">
<html xmlns="http://www.w3.org/1999/xhtml" xml:lang="en" lang="en">
 <head>
  <title>
</title>
<meta http-equiv="Content-Type" content="text/html;charset=utf-8" />
  <meta name='ocr-system' content='tesseract 3.04.00' />
  <meta name='ocr-capabilities' content='ocr_page ocr_carea ocr_par ocr_line ocrx_word'/>
</head>
<body>
  <div class='ocr_page' id='page_1' title='image "./opuscula05hermgoog_0406.png"; bbox 0 0 3086 5050; ppageno 0'>
   <div class='ocr_carea' id='block_1_1' title="bbox 81 409 1245 680">
    <p class='ocr_par' dir='ltr' id='par_1_1' title="bbox 81 409 1245 680">
     <span class='ocr_line' id='line_1_1' title="bbox 81 409 1242 524; baseline 0.006 -49"><span class='ocrx_word' id='word_1_1' title='bbox 81 503 89 524; x_wconf 28' lang='lat'><strong>⁹</strong></span> <span class='ocrx_word' id='word_1_2' title='bbox 335 507 339 510; x_wconf 13' lang='grc' dir='ltr'>Ι</span> <span class='ocrx_word' id='word_1_3' title='bbox 404 411 455 476; x_wconf 86' lang='lat' dir='ltr'><strong>nn</strong></span> <span class='ocrx_word' id='word_1_4' title='bbox 474 409 721 478; x_wconf 82' lang='lat' dir='ltr'><strong>noronrono</strong></span> <span class='ocrx_word' id='word_1_5' title='bbox 741 411 970 477; x_wconf 83' lang='lat' dir='ltr'><strong>onrnrmco.</strong></span> <span class='ocrx_word' id='word_1_6' title='bbox 1135 445 1139 456; x_wconf 92' lang='lat'>·</span> <span class='ocrx_word' id='word_1_7' title='bbox 1180 411 1242 482; x_wconf 77' lang='lat' dir='ltr'><strong>tor</strong></span> 
     </span>
     <span class='ocr_line' id='line_1_2' title="bbox 84 567 1245 680; baseline 0.003 -26"><span class='ocrx_word' id='word_1_8' title='bbox 84 669 87 680; x_wconf 30' lang='grc' dir='ltr'><strong><em>Ι</em></strong></span> <span class='ocrx_word' id='word_1_9' title='bbox 129 579 206 655; x_wconf 76' lang='lat' dir='ltr'><strong>heri</strong></span> <span class='ocrx_word' id='word_1_10' title='bbox 230 589 297 654; x_wconf 75' lang='lat' dir='ltr'><strong>non</strong></span> <span class='ocrx_word' id='word_1_11' title='bbox 321 585 448 678; x_wconf 73' lang='lat' dir='ltr'><strong>potant·</strong></span> <span class='ocrx_word' id='word_1_12' title='bbox 466 581 543 678; x_wconf 82' lang='lat' dir='ltr'><strong>quin</strong></span> <span class='ocrx_word' id='word_1_13' title='bbox 570 581 780 655; x_wconf 72' lang='lat' dir='ltr'><strong>vehementer</strong></span> <span class='ocrx_word' id='word_1_14' title='bbox 810 567 1047 656; x_wconf 83' lang='lat' dir='ltr'><strong>ehntorhantnr</strong></span> <span class='ocrx_word' id='word_1_15' title='bbox 1069 581 1245 658; x_wconf 81' lang='lat' dir='ltr'><strong>inoiliiroe·</strong></span> 
     </span>
    </p>
   </div>
   <div class='ocr_carea' id='block_1_2' title="bbox 127 662 1472 782">
    <p class='ocr_par' dir='ltr' id='par_1_2' title="bbox 127 662 1472 782">
     <span class='ocr_line' id='line_1_3' title="bbox 127 662 1472 782; baseline -0.001 -26"><span class='ocrx_word' id='word_1_16' title='bbox 127 695 196 782; x_wconf 74' lang='lat' dir='ltr'><strong>qne</strong></span> <span class='ocrx_word' id='word_1_17' title='bbox 221 701 338 756; x_wconf 75' lang='lat' dir='ltr'><strong>annas</strong></span> <span class='ocrx_word' id='word_1_18' title='bbox 363 682 584 780; x_wconf 74' lang='lat' dir='ltr'><strong>confringant.</strong></span> <span class='ocrx_word' id='word_1_19' title='bbox 634 682 692 756; x_wconf 83' lang='lat' dir='ltr'><strong>Ex</strong></span> <span class='ocrx_word' id='word_1_20' title='bbox 719 706 786 780; x_wconf 84' lang='lat' dir='ltr'><strong>qno</strong></span> <span class='ocrx_word' id='word_1_21' title='bbox 809 693 966 782; x_wconf 71' lang='lat' dir='ltr'><strong>apparet3</strong></span> <span class='ocrx_word' id='word_1_22' title='bbox 1001 709 1041 757; x_wconf 87' lang='lat' dir='ltr'><strong>eo</strong></span> <span class='ocrx_word' id='word_1_23' title='bbox 1067 685 1144 758; x_wconf 84' lang='lat' dir='ltr'><strong>loeo</strong></span> <span class='ocrx_word' id='word_1_24' title='bbox 1169 683 1247 757; x_wconf 87' lang='lat' dir='ltr'><strong>Ta·-</strong></span> <span class='ocrx_word' id='word_1_25' title='bbox 1368 719 1376 728; x_wconf 84' lang='lat'>-</span> <span class='ocrx_word' id='word_1_26' title='bbox 1409 662 1412 670; x_wconf 34' lang='lat'><strong>¹</strong></span> <span class='ocrx_word' id='word_1_27' title='bbox 1469 743 1472 754; x_wconf 94' lang='lat'><em>.</em></span> 
     </span>
    </p>
   </div>
   <div class='ocr_carea' id='block_1_3' title="bbox 129 783 1263 1290">
    <p class='ocr_par' dir='ltr' id='par_1_3' title="bbox 129 783 1263 1290">
     <span class='ocr_line' id='line_1_4' title="bbox 129 783 1246 886; baseline 0.004 -29"><span class='ocrx_word' id='word_1_28' title='bbox 129 785 306 885; x_wconf 81' lang='lat' dir='ltr'><strong>raxippnm</strong></span> <span class='ocrx_word' id='word_1_29' title='bbox 330 784 372 855; x_wconf 89' lang='lat' dir='ltr'><strong>ah</strong></span> <span class='ocrx_word' id='word_1_30' title='bbox 386 783 510 857; x_wconf 80' lang='lat' dir='ltr'><strong>¹Hirtio</strong></span> <span class='ocrx_word' id='word_1_31' title='bbox 537 809 612 858; x_wconf 83' lang='lat' dir='ltr'><strong>esse</strong></span> <span class='ocrx_word' id='word_1_32' title='bbox 637 787 869 880; x_wconf 69' lang='lat' dir='ltr'><strong>constitutam,</strong></span> <span class='ocrx_word' id='word_1_33' title='bbox 907 811 972 884; x_wconf 90' lang='lat' dir='ltr'><strong>qno</strong></span> <span class='ocrx_word' id='word_1_34' title='bbox 998 787 1064 870; x_wconf 86' lang='lat' dir='ltr'><strong>iam</strong></span> <span class='ocrx_word' id='word_1_35' title='bbox 1089 795 1246 886; x_wconf 78' lang='lat' dir='ltr'><strong>snperato</strong></span> 
     </span>
     <span class='ocr_line' id='line_1_5' title="bbox 129 884 1263 988; baseline 0 -28"><span class='ocrx_word' id='word_1_36' title='bbox 129 895 218 960; x_wconf 73' lang='lat' dir='ltr'><strong>neta</strong></span> <span class='ocrx_word' id='word_1_37' title='bbox 250 884 373 958; x_wconf 86' lang='lat' dir='ltr'><strong>desinit</strong></span> <span class='ocrx_word' id='word_1_38' title='bbox 403 887 514 983; x_wconf 85' lang='lat' dir='ltr'><strong>potins</strong></span> <span class='ocrx_word' id='word_1_39' title='bbox 539 887 600 958; x_wconf 88' lang='lat' dir='ltr'><strong>illa</strong></span> <span class='ocrx_word' id='word_1_40' title='bbox 626 887 769 960; x_wconf 88' lang='lat' dir='ltr'><strong>irritatio</strong></span> <span class='ocrx_word' id='word_1_41' title='bbox 803 897 837 960; x_wconf 87' lang='lat' dir='ltr'><strong>et</strong></span> <span class='ocrx_word' id='word_1_42' title='bbox 862 887 1052 980; x_wconf 77' lang='lat' dir='ltr'><strong>fluctuatio,</strong></span> <span class='ocrx_word' id='word_1_43' title='bbox 1087 912 1181 988; x_wconf 83' lang='lat' dir='ltr'><strong>qnam</strong></span> <span class='ocrx_word' id='word_1_44' title='bbox 1207 895 1263 960; x_wconf 79' lang='lat' dir='ltr'><strong>ut</strong></span> 
     </span>
     <span class='ocr_line' id='line_1_6' title="bbox 129 987 1247 1088; baseline 0.001 -28"><span class='ocrx_word' id='word_1_45' title='bbox 129 988 177 1060; x_wconf 86' lang='lat' dir='ltr'><strong>ihi</strong></span> <span class='ocrx_word' id='word_1_46' title='bbox 201 987 335 1060; x_wconf 81' lang='lat' dir='ltr'><strong>initium</strong></span> <span class='ocrx_word' id='word_1_47' title='bbox 357 1009 476 1085; x_wconf 85' lang='lat' dir='ltr'><strong>capere</strong></span> <span class='ocrx_word' id='word_1_48' title='bbox 492 990 622 1086; x_wconf 83' lang='lat' dir='ltr'><strong>possit.</strong></span> <span class='ocrx_word' id='word_1_49' title='bbox 672 987 740 1061; x_wconf 80' lang='lat' dir='ltr'><strong>&#39;iiio</strong></span> <span class='ocrx_word' id='word_1_50' title='bbox 766 988 896 1084; x_wconf 87' lang='lat' dir='ltr'><strong>quidem</strong></span> <span class='ocrx_word' id='word_1_51' title='bbox 912 991 1178 1088; x_wconf 88' lang='lat' dir='ltr'><strong>errorproprins</strong></span> <span class='ocrx_word' id='word_1_52' title='bbox 1192 998 1247 1062; x_wconf 89' lang='lat' dir='ltr'><strong>est</strong></span> 
     </span>
     <span class='ocr_line' id='line_1_7' title="bbox 129 1085 1246 1186; baseline 0.001 -24"><span class='ocrx_word' id='word_1_53' title='bbox 129 1085 248 1180; x_wconf 70' lang='lat' dir='ltr'><strong>Hirtii,</strong></span> <span class='ocrx_word' id='word_1_54' title='bbox 270 1089 396 1162; x_wconf 65' lang='lat' dir='ltr'><strong>vitatas</strong></span> <span class='ocrx_word' id='word_1_55' title='bbox 423 1112 521 1186; x_wconf 82' lang='lat' dir='ltr'><strong>qoam</strong></span> <span class='ocrx_word' id='word_1_56' title='bbox 547 1091 586 1162; x_wconf 93' lang='lat' dir='ltr'><strong>ah</strong></span> <span class='ocrx_word' id='word_1_57' title='bbox 614 1091 710 1181; x_wconf 80' lang='lat' dir='ltr'><strong>aliis,</strong></span> <span class='ocrx_word' id='word_1_58' title='bbox 744 1099 811 1162; x_wconf 88' lang='lat' dir='ltr'><strong>tom</strong></span> <span class='ocrx_word' id='word_1_59' title='bbox 843 1091 885 1162; x_wconf 94' lang='lat' dir='ltr'><strong>ah</strong></span> <span class='ocrx_word' id='word_1_60' title='bbox 911 1090 959 1163; x_wconf 88' lang='lat'><strong>0.</strong></span> <span class='ocrx_word' id='word_1_61' title='bbox 984 1091 1152 1163; x_wconf 72' lang='lat' dir='ltr'><strong>Miilierot</strong></span> <span class='ocrx_word' id='word_1_62' title='bbox 1185 1090 1246 1163; x_wconf 86' lang='lat' dir='ltr'><strong>sed</strong></span> 
     </span>
     <span class='ocr_line' id='line_1_8' title="bbox 129 1189 1247 1290; baseline 0 -26"><span class='ocrx_word' id='word_1_63' title='bbox 129 1189 186 1265; x_wconf 87' lang='lat' dir='ltr'><strong>hio</strong></span> <span class='ocrx_word' id='word_1_64' title='bbox 211 1191 248 1262; x_wconf 79' lang='lat' dir='ltr'><strong>in</strong></span> <span class='ocrx_word' id='word_1_65' title='bbox 273 1191 415 1264; x_wconf 80' lang='lat' dir='ltr'><strong>caeteris</strong></span> <span class='ocrx_word' id='word_1_66' title='bbox 439 1189 545 1264; x_wconf 83' lang='lat' dir='ltr'><strong>Hirtii</strong></span> <span class='ocrx_word' id='word_1_67' title='bbox 575 1192 773 1264; x_wconf 85' lang='lat' dir='ltr'><strong>lioearoenta</strong></span> <span class='ocrx_word' id='word_1_68' title='bbox 799 1202 975 1290; x_wconf 84' lang='lat' dir='ltr'><strong>repetens,</strong></span> <span class='ocrx_word' id='word_1_69' title='bbox 1010 1195 1073 1267; x_wconf 92' lang='lat' dir='ltr'><strong>dno</strong></span> <span class='ocrx_word' id='word_1_70' title='bbox 1100 1194 1166 1265; x_wconf 82' lang='lat' dir='ltr'><strong>alia</strong></span> <span class='ocrx_word' id='word_1_71' title='bbox 1191 1194 1247 1264; x_wconf 87' lang='lat' dir='ltr'><strong>io-</strong></span> 
     </span>
    </p>
   </div>
   <div class='ocr_carea' id='block_1_4' title="bbox 2 1293 1401 1398">
    <p class='ocr_par' dir='ltr' id='par_1_4' title="bbox 2 1293 1401 1398">
     <span class='ocr_line' id='line_1_9' title="bbox 2 1293 1401 1398; baseline -0.005 -28"><span class='ocrx_word' id='word_1_72' title='bbox 2 1331 3 1334; x_wconf 42' lang='lat'><em>*</em></span> <span class='ocrx_word' id='word_1_73' title='bbox 129 1293 220 1385; x_wconf 74' lang='lat' dir='ltr'><strong>tulit,</strong></span> <span class='ocrx_word' id='word_1_74' title='bbox 247 1315 330 1388; x_wconf 88' lang='lat' dir='ltr'><strong>qaae</strong></span> <span class='ocrx_word' id='word_1_75' title='bbox 353 1293 441 1364; x_wconf 47' lang='lat' dir='ltr'><strong>‘feisa</strong></span> <span class='ocrx_word' id='word_1_76' title='bbox 466 1317 540 1366; x_wconf 85' lang='lat' dir='ltr'><strong>esse</strong></span> <span class='ocrx_word' id='word_1_77' title='bbox 567 1294 808 1390; x_wconf 80' lang='lat' dir='ltr'><strong>apertissimum</strong></span> <span class='ocrx_word' id='word_1_78' title='bbox 826 1303 889 1384; x_wconf 87' lang='lat' dir='ltr'><strong>est,</strong></span> <span class='ocrx_word' id='word_1_79' title='bbox 915 1296 1116 1382; x_wconf 82' lang='lat' dir='ltr'><strong>notationem</strong></span> <span class='ocrx_word' id='word_1_80' title='bbox 1142 1294 1288 1368; x_wconf 68' lang='lat' dir='ltr'><strong>atho·¹</strong></span> <span class='ocrx_word' id='word_1_81' title='bbox 1395 1385 1401 1398; x_wconf 68' lang='lat'>,</span> 
     </span>
    </p>
   </div>
   <div class='ocr_carea' id='block_1_5' title="bbox 39 1394 1316 2406">
    <p class='ocr_par' dir='ltr' id='par_1_5' title="bbox 39 1394 1316 2406">
     <span class='ocr_line' id='line_1_10' title="bbox 128 1394 1247 1492; baseline -0.001 -24"><span class='ocrx_word' id='word_1_82' title='bbox 128 1395 240 1486; x_wconf 79' lang='lat' dir='ltr'><strong>niam,</strong></span> <span class='ocrx_word' id='word_1_83' title='bbox 263 1394 403 1490; x_wconf 44' lang='lat' dir='ltr'><strong>-qndhns,</strong></span> <span class='ocrx_word' id='word_1_84' title='bbox 419 1395 495 1492; x_wconf 85' lang='lat' dir='ltr'><strong>eqni</strong></span> <span class='ocrx_word' id='word_1_85' title='bbox 520 1395 554 1466; x_wconf 89' lang='lat' dir='ltr'><strong>in</strong></span> <span class='ocrx_word' id='word_1_86' title='bbox 580 1395 769 1468; x_wconf 76' lang='lat' dir='ltr'>carceribus</span> <span class='ocrx_word' id='word_1_87' title='bbox 796 1395 933 1468; x_wconf 90' lang='lat' dir='ltr'><strong>oohihiti</strong></span> <span class='ocrx_word' id='word_1_88' title='bbox 966 1397 1107 1488; x_wconf 84' lang='lat' dir='ltr'><strong>inerint,</strong></span> <span class='ocrx_word' id='word_1_89' title='bbox 1142 1405 1177 1470; x_wconf 91' lang='lat' dir='ltr'><strong>et</strong></span> <span class='ocrx_word' id='word_1_90' title='bbox 1200 1395 1247 1468; x_wconf 85' lang='lat' dir='ltr'><strong>li-</strong></span> 
     </span>
     <span class='ocr_line' id='line_1_11' title="bbox 128 1496 1247 1593; baseline -0.001 -23"><span class='ocrx_word' id='word_1_91' title='bbox 128 1519 238 1588; x_wconf 69' lang='lat' dir='ltr'><strong>neae,1</strong></span> <span class='ocrx_word' id='word_1_92' title='bbox 264 1496 308 1566; x_wconf 90' lang='lat' dir='ltr'><strong>nd</strong></span> <span class='ocrx_word' id='word_1_93' title='bbox 334 1519 430 1593; x_wconf 85' lang='lat' dir='ltr'><strong>qnam</strong></span> <span class='ocrx_word' id='word_1_94' title='bbox 455 1497 664 1568; x_wconf 80' lang='lat' dir='ltr'><strong>constiterint</strong></span> <span class='ocrx_word' id='word_1_95' title='bbox 690 1497 766 1592; x_wconf 86' lang='lat' dir='ltr'><strong>equi</strong></span> <span class='ocrx_word' id='word_1_96' title='bbox 791 1497 948 1570; x_wconf 84' lang='lat' dir='ltr'><strong>victores.</strong></span> <span class='ocrx_word' id='word_1_97' title='bbox 1001 1498 1098 1590; x_wconf 79' lang='lat' dir='ltr'><strong>Qnod</strong></span> <span class='ocrx_word' id='word_1_98' title='bbox 1124 1498 1166 1570; x_wconf 86' lang='lat' dir='ltr'><strong>ad</strong></span> <span class='ocrx_word' id='word_1_99' title='bbox 1190 1497 1247 1569; x_wconf 61' lang='lat' dir='ltr'><strong>fn»</strong></span> 
     </span>
     <span class='ocr_line' id='line_1_12' title="bbox 127 1597 1247 1697; baseline -0.001 -26"><span class='ocrx_word' id='word_1_100' title='bbox 127 1619 190 1672; x_wconf 78' lang='lat' dir='ltr'><strong>nos</strong></span> <span class='ocrx_word' id='word_1_101' title='bbox 214 1597 294 1670; x_wconf 80' lang='lat' dir='ltr'><strong>ilios</strong></span> <span class='ocrx_word' id='word_1_102' title='bbox 319 1598 470 1689; x_wconf 82' lang='lat' dir='ltr'><strong>attinet,&#39;</strong></span> <span class='ocrx_word' id='word_1_103' title='bbox 494 1621 590 1694; x_wconf 85' lang='lat' dir='ltr'><strong>qoam</strong></span> <span class='ocrx_word' id='word_1_104' title='bbox 622 1599 661 1669; x_wconf 88' lang='lat' dir='ltr'><strong>in</strong></span> <span class='ocrx_word' id='word_1_105' title='bbox 690 1599 755 1670; x_wconf 87' lang='lat' dir='ltr'><strong>ista</strong></span> <span class='ocrx_word' id='word_1_106' title='bbox 781 1599 895 1696; x_wconf 82' lang='lat' dir='ltr'>oppidi</span> <span class='ocrx_word' id='word_1_107' title='bbox 921 1599 1143 1697; x_wconf 83' lang='lat' dir='ltr'><strong>desoriptiooe</strong></span> <span class='ocrx_word' id='word_1_108' title='bbox 1170 1623 1247 1672; x_wconf 85' lang='lat' dir='ltr'><strong>oar-</strong></span> 
     </span>
     <span class='ocr_line' id='line_1_13' title="bbox 129 1699 1316 1810; baseline -0.007 -36"><span class='ocrx_word' id='word_1_109' title='bbox 129 1721 226 1774; x_wconf 79' lang='lat' dir='ltr'><strong>eeren</strong></span> <span class='ocrx_word' id='word_1_110' title='bbox 250 1699 414 1795; x_wconf 81' lang='lat' dir='ltr'><strong>utrimque</strong></span> <span class='ocrx_word' id='word_1_111' title='bbox 440 1723 556 1771; x_wconf 83' lang='lat' dir='ltr'><strong>versun</strong></span> <span class='ocrx_word' id='word_1_112' title='bbox 581 1699 842 1772; x_wconf 80' lang='lat' dir='ltr'><strong>commenticium</strong></span> <span class='ocrx_word' id='word_1_113' title='bbox 875 1699 959 1790; x_wconf 73' lang='lat' dir='ltr'><strong>iliud</strong></span> <span class='ocrx_word' id='word_1_114' title='bbox 983 1708 1138 1810; x_wconf 86' lang='lat' dir='ltr'><strong>ppnotam</strong></span> <span class='ocrx_word' id='word_1_115' title='bbox 1165 1723 1248 1773; x_wconf 84' lang='lat' dir='ltr'><strong>nor-</strong></span> <span class='ocrx_word' id='word_1_116' title='bbox 1310 1744 1316 1766; x_wconf 78' lang='grc'><em>,</em></span> 
     </span>
     <span class='ocr_line' id='line_1_14' title="bbox 39 1800 1248 1902; baseline -0.001 -28"><span class='ocrx_word' id='word_1_117' title='bbox 39 1823 41 1832; x_wconf 74' lang='grc'>’</span> <span class='ocrx_word' id='word_1_118' title='bbox 129 1802 217 1874; x_wconf 79' lang='lat' dir='ltr'><strong>mele</strong></span> <span class='ocrx_word' id='word_1_119' title='bbox 242 1809 393 1897; x_wconf 79' lang='lat' dir='ltr'><strong>vergant,</strong></span> <span class='ocrx_word' id='word_1_120' title='bbox 419 1800 460 1874; x_wconf 87' lang='lat' dir='ltr'><strong>da</strong></span> <span class='ocrx_word' id='word_1_121' title='bbox 486 1823 551 1898; x_wconf 87' lang='lat' dir='ltr'><strong>qno</strong></span> <span class='ocrx_word' id='word_1_122' title='bbox 577 1823 677 1897; x_wconf 88' lang='lat' dir='ltr'><strong>sopra</strong></span> <span class='ocrx_word' id='word_1_123' title='bbox 701 1801 906 1898; x_wconf 79' lang='lat' dir='ltr'><strong>dictumest,</strong></span> <span class='ocrx_word' id='word_1_124' title='bbox 935 1825 1140 1902; x_wconf 78' lang='lat' dir='ltr'><strong>consequens</strong></span> <span class='ocrx_word' id='word_1_125' title='bbox 1160 1811 1248 1894; x_wconf 88' lang='lat' dir='ltr'><strong>erat,</strong></span> 
     </span>
     <span class='ocr_line' id='line_1_15' title="bbox 127 1899 1247 2002; baseline 0.001 -27"><span class='ocrx_word' id='word_1_126' title='bbox 127 1911 168 1976; x_wconf 78' lang='lat' dir='ltr'><strong>&#39;nt</strong></span> <span class='ocrx_word' id='word_1_127' title='bbox 193 1903 280 1976; x_wconf 84' lang='lat' dir='ltr'><strong>ostia</strong></span> <span class='ocrx_word' id='word_1_128' title='bbox 293 1899 475 1994; x_wconf 72' lang='lat' dir='ltr'><strong>eameram,</strong></span> <span class='ocrx_word' id='word_1_129' title='bbox 501 1926 566 2000; x_wconf 87' lang='lat' dir='ltr'><strong>qno</strong></span> <span class='ocrx_word' id='word_1_130' title='bbox 579 1902 760 1975; x_wconf 86' lang='lat' dir='ltr'><strong>&#39;remotiora</strong></span> <span class='ocrx_word' id='word_1_131' title='bbox 786 1925 806 1974; x_wconf 87' lang='lat' dir='ltr'><strong>a</strong></span> <span class='ocrx_word' id='word_1_132' title='bbox 830 1903 961 2000; x_wconf 86' lang='lat' dir='ltr'><strong>portien</strong></span> <span class='ocrx_word' id='word_1_133' title='bbox 975 1903 1137 2002; x_wconf 80' lang='lat' dir='ltr'><strong>Agnapti,</strong></span> <span class='ocrx_word' id='word_1_134' title='bbox 1163 1923 1247 2002; x_wconf 87' lang='lat' dir='ltr'><strong>pro-</strong></span> 
     </span>
     <span class='ocr_line' id='line_1_16' title="bbox 77 1995 1247 2103; baseline 0 -27"><span class='ocrx_word' id='word_1_135' title='bbox 77 2009 80 2018; x_wconf 84' lang='grc'><em>’</em></span> <span class='ocrx_word' id='word_1_136' title='bbox 128 1995 227 2103; x_wconf 85' lang='lat' dir='ltr'><strong>piora</strong></span> <span class='ocrx_word' id='word_1_137' title='bbox 251 2013 360 2076; x_wconf 85' lang='lat' dir='ltr'><strong>antem</strong></span> <span class='ocrx_word' id='word_1_138' title='bbox 384 2013 494 2077; x_wconf 86' lang='lat' dir='ltr'><strong>rostro</strong></span> <span class='ocrx_word' id='word_1_139' title='bbox 520 2012 644 2095; x_wconf 84' lang='lat' dir='ltr'><strong>essent,</strong></span> <span class='ocrx_word' id='word_1_140' title='bbox 671 2025 712 2077; x_wconf 89' lang='lat' dir='ltr'><strong>eo</strong></span> <span class='ocrx_word' id='word_1_141' title='bbox 738 2005 870 2102; x_wconf 81' lang='lat' dir='ltr'><strong>tongins</strong></span> <span class='ocrx_word' id='word_1_142' title='bbox 896 2029 916 2077; x_wconf 90' lang='lat' dir='ltr'><strong>a</strong></span> <span class='ocrx_word' id='word_1_143' title='bbox 941 2005 1143 2102; x_wconf 76' lang='lat' dir='ltr'><strong>marginibus</strong></span> <span class='ocrx_word' id='word_1_144' title='bbox 1168 2003 1247 2102; x_wconf 87' lang='lat' dir='ltr'><strong>hip-</strong></span> 
     </span>
     <span class='ocr_line' id='line_1_17' title="bbox 128 2104 1247 2206; baseline 0.003 -29"><span class='ocrx_word' id='word_1_145' title='bbox 128 2105 281 2204; x_wconf 90' lang='lat' dir='ltr'><strong>podromi</strong></span> <span class='ocrx_word' id='word_1_146' title='bbox 305 2105 480 2179; x_wconf 85' lang='lat' dir='ltr'><strong>distarent.</strong></span> <span class='ocrx_word' id='word_1_147' title='bbox 530 2105 627 2178; x_wconf 87' lang='lat' dir='ltr'><strong>Nune</strong></span> <span class='ocrx_word' id='word_1_148' title='bbox 647 2104 815 2178; x_wconf 79' lang='lat' dir='ltr'><strong>Milleras</strong></span> <span class='ocrx_word' id='word_1_149' title='bbox 839 2107 948 2198; x_wconf 85' lang='lat' dir='ltr'><strong>funes,</strong></span> <span class='ocrx_word' id='word_1_150' title='bbox 975 2108 1032 2206; x_wconf 89' lang='lat' dir='ltr'><strong>qni</strong></span> <span class='ocrx_word' id='word_1_151' title='bbox 1057 2115 1133 2180; x_wconf 88' lang='lat' dir='ltr'><strong>ante</strong></span> <span class='ocrx_word' id='word_1_152' title='bbox 1159 2107 1247 2180; x_wconf 82' lang='lat' dir='ltr'><strong>ostia</strong></span> 
     </span>
     <span class='ocr_line' id='line_1_18' title="bbox 98 2208 1245 2306; baseline -0.002 -24"><span class='ocrx_word' id='word_1_153' title='bbox 98 2231 100 2251; x_wconf 81' lang='lat'><strong>¹</strong></span> <span class='ocrx_word' id='word_1_154' title='bbox 129 2231 301 2282; x_wconf 81' lang='lat' dir='ltr'><strong>eameram</strong></span> <span class='ocrx_word' id='word_1_155' title='bbox 325 2229 387 2305; x_wconf 89' lang='lat' dir='ltr'><strong>pro</strong></span> <span class='ocrx_word' id='word_1_156' title='bbox 413 2208 581 2305; x_wconf 80' lang='lat' dir='ltr'><strong>repagulis</strong></span> <span class='ocrx_word' id='word_1_157' title='bbox 610 2216 740 2299; x_wconf 74' lang='lat' dir='ltr'><strong>essent,</strong></span> <span class='ocrx_word' id='word_1_158' title='bbox 767 2210 898 2306; x_wconf 86' lang='lat' dir='ltr'><strong>ponetis</strong></span> <span class='ocrx_word' id='word_1_159' title='bbox 924 2219 1056 2283; x_wconf 86' lang='lat' dir='ltr'><strong>notatos</strong></span> <span class='ocrx_word' id='word_1_160' title='bbox 1082 2209 1245 2306; x_wconf 76' lang='lat' dir='ltr'><strong>utrimque</strong></span> 
     </span>
     <span class='ocr_line' id='line_1_19' title="bbox 129 2308 1245 2406; baseline 0 -24"><span class='ocrx_word' id='word_1_161' title='bbox 129 2331 235 2406; x_wconf 82' lang='lat' dir='ltr'><strong>nsque</strong></span> <span class='ocrx_word' id='word_1_162' title='bbox 266 2308 310 2380; x_wconf 90' lang='lat' dir='ltr'><strong>nd</strong></span> <span class='ocrx_word' id='word_1_163' title='bbox 335 2310 500 2404; x_wconf 77' lang='lat' dir='ltr'><strong>margines</strong></span> <span class='ocrx_word' id='word_1_164' title='bbox 533 2309 741 2405; x_wconf 80' lang='lat' dir='ltr'><strong>hippodromi</strong></span> <span class='ocrx_word' id='word_1_165' title='bbox 766 2310 964 2405; x_wconf 74' lang='lat' dir='ltr'><strong>produxit·</strong></span> <span class='ocrx_word' id='word_1_166' title='bbox 998 2309 1054 2382; x_wconf 89' lang='lat' dir='ltr'><strong>Ita</strong></span> <span class='ocrx_word' id='word_1_167' title='bbox 1085 2311 1143 2382; x_wconf 88' lang='lat' dir='ltr'><strong>isti</strong></span> <span class='ocrx_word' id='word_1_168' title='bbox 1179 2311 1245 2382; x_wconf 87' lang='lat' dir='ltr'><strong>dno</strong></span> 
     </span>
    </p>
   </div>
   <div class='ocr_carea' id='block_1_6' title="bbox 128 2406 1468 2710">
    <p class='ocr_par' dir='ltr' id='par_1_6' title="bbox 128 2406 1468 2710">
     <span class='ocr_line' id='line_1_20' title="bbox 128 2406 1468 2506; baseline -0.002 -22"><span class='ocrx_word' id='word_1_169' title='bbox 128 2409 244 2502; x_wconf 67' lang='lat' dir='ltr'><strong>hoen,</strong></span> <span class='ocrx_word' id='word_1_170' title='bbox 279 2409 336 2505; x_wconf 83' lang='lat' dir='ltr'><strong>qai</strong></span> <span class='ocrx_word' id='word_1_171' title='bbox 361 2410 514 2506; x_wconf 87' lang='lat' dir='ltr'><strong>aprima</strong></span> <span class='ocrx_word' id='word_1_172' title='bbox 539 2411 702 2504; x_wconf 74' lang='lat' dir='ltr'><strong>utrimque</strong></span> <span class='ocrx_word' id='word_1_173' title='bbox 728 2409 903 2482; x_wconf 88' lang='lat' dir='ltr'><strong>ahrostro</strong></span> <span class='ocrx_word' id='word_1_174' title='bbox 929 2421 1063 2484; x_wconf 76' lang='lat' dir='ltr'><strong>earcere</strong></span> <span class='ocrx_word' id='word_1_175' title='bbox 1089 2406 1130 2482; x_wconf 89' lang='lat' dir='ltr'><strong>ad</strong></span> <span class='ocrx_word' id='word_1_176' title='bbox 1156 2433 1246 2482; x_wconf 87' lang='lat' dir='ltr'><strong>mar·</strong></span> <span class='ocrx_word' id='word_1_177' title='bbox 1401 2457 1402 2462; x_wconf 56' lang='lat'><em>=</em></span> <span class='ocrx_word' id='word_1_178' title='bbox 1445 2463 1468 2474; x_wconf 86' lang='lat'><strong>.-</strong></span> 
     </span>
     <span class='ocr_line' id='line_1_21' title="bbox 129 2509 1360 2611; baseline 0 -27"><span class='ocrx_word' id='word_1_179' title='bbox 129 2513 226 2611; x_wconf 78' lang='lat' dir='ltr'><strong>gires</strong></span> <span class='ocrx_word' id='word_1_180' title='bbox 250 2535 355 2606; x_wconf 83' lang='lat' dir='ltr'><strong>nsque</strong></span> <span class='ocrx_word' id='word_1_181' title='bbox 380 2509 590 2607; x_wconf 84' lang='lat' dir='ltr'><strong>hippodromi</strong></span> <span class='ocrx_word' id='word_1_182' title='bbox 616 2510 806 2607; x_wconf 80' lang='lat' dir='ltr'><strong>prolongati</strong></span> <span class='ocrx_word' id='word_1_183' title='bbox 832 2519 927 2600; x_wconf 88' lang='lat' dir='ltr'><strong>sant,</strong></span> <span class='ocrx_word' id='word_1_184' title='bbox 959 2512 1246 2610; x_wconf 80' lang='lat' dir='ltr'><strong>eioomparanton</strong></span> <span class='ocrx_word' id='word_1_185' title='bbox 1309 2534 1310 2540; x_wconf 51' lang='lat'>¹</span> <span class='ocrx_word' id='word_1_186' title='bbox 1356 2521 1360 2532; x_wconf 85' lang='grc'><strong>“</strong></span> 
     </span>
     <span class='ocr_line' id='line_1_22' title="bbox 128 2611 1393 2710; baseline -0.003 -24"><span class='ocrx_word' id='word_1_187' title='bbox 128 2613 173 2686; x_wconf 80' lang='lat' dir='ltr'><strong>od</strong></span> <span class='ocrx_word' id='word_1_188' title='bbox 196 2611 436 2710; x_wconf 80' lang='lat' dir='ltr'><strong>longitudinem</strong></span> <span class='ocrx_word' id='word_1_189' title='bbox 462 2612 600 2704; x_wconf 80' lang='lat' dir='ltr'><strong>alamon,</strong></span> <span class='ocrx_word' id='word_1_190' title='bbox 633 2611 993 2708; x_wconf 79' lang='lat' dir='ltr'><strong>qoam-quadrigentos</strong></span> <span class='ocrx_word' id='word_1_191' title='bbox 1015 2613 1118 2710; x_wconf 86' lang='lat' dir='ltr'><strong>pedes</strong></span> <span class='ocrx_word' id='word_1_192' title='bbox 1143 2637 1246 2710; x_wconf 57' lang='lat' dir='ltr'><strong>supe*</strong></span> <span class='ocrx_word' id='word_1_193' title='bbox 1392 2677 1393 2682; x_wconf 75' lang='grc'>,</span> 
     </span>
    </p>
   </div>
   <div class='ocr_carea' id='block_1_7' title="bbox 127 2713 1334 3219">
    <p class='ocr_par' dir='ltr' id='par_1_7' title="bbox 127 2713 1334 3219">
     <span class='ocr_line' id='line_1_23' title="bbox 128 2713 1244 2810; baseline -0.002 -22"><span class='ocrx_word' id='word_1_194' title='bbox 128 2737 223 2788; x_wconf 75' lang='lat' dir='ltr'><strong>rasae</strong></span> <span class='ocrx_word' id='word_1_195' title='bbox 247 2713 365 2788; x_wconf 81' lang='lat' dir='ltr'><strong>aerihit</strong></span> <span class='ocrx_word' id='word_1_196' title='bbox 378 2713 575 2805; x_wconf 79' lang='lat' dir='ltr'><strong>Pausanias,</strong></span> <span class='ocrx_word' id='word_1_197' title='bbox 602 2713 767 2784; x_wconf 81' lang='lat' dir='ltr'><strong>minimam</strong></span> <span class='ocrx_word' id='word_1_198' title='bbox 793 2713 895 2810; x_wconf 88' lang='lat' dir='ltr'><strong>pedes</strong></span> <span class='ocrx_word' id='word_1_199' title='bbox 921 2714 1041 2786; x_wconf 85' lang='lat' dir='ltr'><strong>hahent</strong></span> <span class='ocrx_word' id='word_1_200' title='bbox 1062 2723 1244 2787; x_wconf 72' lang='lat' dir='ltr'><strong>nocentes.</strong></span> 
     </span>
     <span class='ocr_line' id='line_1_24' title="bbox 127 2813 1244 2914; baseline -0.003 -22"><span class='ocrx_word' id='word_1_201' title='bbox 127 2815 276 2914; x_wconf 75' lang='lat' dir='ltr'><strong>At&#39;qnis</strong></span> <span class='ocrx_word' id='word_1_202' title='bbox 302 2814 416 2888; x_wconf 87' lang='lat' dir='ltr'><strong>eredat</strong></span> <span class='ocrx_word' id='word_1_203' title='bbox 439 2813 565 2907; x_wconf 83' lang='lat' dir='ltr'><strong>Eleos,</strong></span> <span class='ocrx_word' id='word_1_204' title='bbox 589 2837 643 2886; x_wconf 83' lang='lat' dir='ltr'><strong>ne</strong></span> <span class='ocrx_word' id='word_1_205' title='bbox 677 2822 832 2909; x_wconf 84' lang='lat' dir='ltr'><strong>quattuor</strong></span> <span class='ocrx_word' id='word_1_206' title='bbox 860 2815 1028 2912; x_wconf 80' lang='lat' dir='ltr'><strong>coniugati</strong></span> <span class='ocrx_word' id='word_1_207' title='bbox 1053 2815 1130 2912; x_wconf 88' lang='lat' dir='ltr'><strong>eqni</strong></span> <span class='ocrx_word' id='word_1_208' title='bbox 1154 2817 1244 2889; x_wconf 78' lang='lat' dir='ltr'><strong>iusto</strong></span> 
     </span>
     <span class='ocr_line' id='line_1_25' title="bbox 128 2913 1245 3015; baseline -0.002 -23"><span class='ocrx_word' id='word_1_209' title='bbox 128 2917 229 2992; x_wconf 82' lang='lat' dir='ltr'><strong>nitius</strong></span> <span class='ocrx_word' id='word_1_210' title='bbox 254 2923 482 3010; x_wconf 78' lang='lat' dir='ltr'><strong>excurrerent,</strong></span> <span class='ocrx_word' id='word_1_211' title='bbox 507 2923 574 2988; x_wconf 87' lang='lat' dir='ltr'><strong>tam</strong></span> <span class='ocrx_word' id='word_1_212' title='bbox 599 2917 769 2988; x_wconf 86' lang='lat' dir='ltr'><strong>immanem</strong></span> <span class='ocrx_word' id='word_1_213' title='bbox 795 2913 904 2988; x_wconf 74' lang='lat' dir='ltr'><strong>innam</strong></span> <span class='ocrx_word' id='word_1_214' title='bbox 930 2941 991 3015; x_wconf 88' lang='lat' dir='ltr'><strong>per</strong></span> <span class='ocrx_word' id='word_1_215' title='bbox 1015 2925 1120 2990; x_wconf 89' lang='lat' dir='ltr'><strong>totnm</strong></span> <span class='ocrx_word' id='word_1_216' title='bbox 1147 2917 1245 2990; x_wconf 76' lang='lat' dir='ltr'><strong>dirui-&#39;-</strong></span> 
     </span>
     <span class='ocr_line' id='line_1_26' title="bbox 129 3017 1244 3118; baseline -0.002 -24"><span class='ocrx_word' id='word_1_217' title='bbox 129 3020 220 3094; x_wconf 80' lang='lat' dir='ltr'><strong>dinan</strong></span> <span class='ocrx_word' id='word_1_218' title='bbox 244 3020 454 3118; x_wconf 83' lang='lat' dir='ltr'><strong>hippodromi</strong></span> <span class='ocrx_word' id='word_1_219' title='bbox 479 3017 679 3110; x_wconf 87' lang='lat' dir='ltr'><strong>tetendisse,</strong></span> <span class='ocrx_word' id='word_1_220' title='bbox 712 3019 768 3090; x_wconf 86' lang='lat' dir='ltr'><strong>uhi</strong></span> <span class='ocrx_word' id='word_1_221' title='bbox 801 3021 883 3092; x_wconf 82' lang='lat' dir='ltr'><strong>satis</strong></span> <span class='ocrx_word' id='word_1_222' title='bbox 917 3028 988 3091; x_wconf 89' lang='lat' dir='ltr'><strong>erat</strong></span> <span class='ocrx_word' id='word_1_223' title='bbox 1019 3019 1086 3117; x_wconf 91' lang='lat' dir='ltr'><strong>ipsi</strong></span> <span class='ocrx_word' id='word_1_224' title='bbox 1119 3025 1244 3092; x_wconf 86' lang='lat' dir='ltr'><strong>tantum</strong></span> 
     </span>
     <span class='ocr_line' id='line_1_27' title="bbox 130 3113 1334 3219; baseline -0.002 -23"><span class='ocrx_word' id='word_1_225' title='bbox 130 3123 258 3196; x_wconf 88' lang='lat' dir='ltr'><strong>earoeri</strong></span> <span class='ocrx_word' id='word_1_226' title='bbox 284 3123 432 3219; x_wconf 79' lang='lat' dir='ltr'><strong>regulam</strong></span> <span class='ocrx_word' id='word_1_227' title='bbox 458 3121 659 3194; x_wconf 79' lang='lat' dir='ltr'><strong>desumant</strong></span> <span class='ocrx_word' id='word_1_228' title='bbox 684 3120 868 3192; x_wconf 89' lang='lat' dir='ltr'><strong>duodenam</strong></span> <span class='ocrx_word' id='word_1_229' title='bbox 901 3121 1020 3219; x_wconf 85' lang='lat' dir='ltr'><strong>pedum</strong></span> <span class='ocrx_word' id='word_1_230' title='bbox 1045 3113 1245 3218; x_wconf 80' lang='lat' dir='ltr'><strong>praetendi?</strong></span> <span class='ocrx_word' id='word_1_231' title='bbox 1329 3171 1334 3178; x_wconf 89' lang='lat'><em>-</em></span> 
     </span>
    </p>
   </div>
   <div class='ocr_carea' id='block_1_8' title="bbox 128 3196 1510 3320">
    <p class='ocr_par' dir='ltr' id='par_1_8' title="bbox 128 3196 1510 3320">
     <span class='ocr_line' id='line_1_28' title="bbox 128 3196 1510 3320; baseline -0.009 -24"><span class='ocrx_word' id='word_1_232' title='bbox 128 3222 261 3297; x_wconf 73' lang='lat' dir='ltr'><strong>Dmnde</strong></span> <span class='ocrx_word' id='word_1_233' title='bbox 287 3249 366 3298; x_wconf 81' lang='lat' dir='ltr'><strong>vero</strong></span> <span class='ocrx_word' id='word_1_234' title='bbox 392 3223 558 3295; x_wconf 81' lang='lat' dir='ltr'><strong>Milleros</strong></span> <span class='ocrx_word' id='word_1_235' title='bbox 585 3223 683 3294; x_wconf 89' lang='lat' dir='ltr'><strong>etiarn</strong></span> <span class='ocrx_word' id='word_1_236' title='bbox 708 3223 799 3294; x_wconf 86' lang='lat' dir='ltr'><strong>illam</strong></span> <span class='ocrx_word' id='word_1_237' title='bbox 824 3223 958 3314; x_wconf 88' lang='lat' dir='ltr'><strong>lineam,</strong></span> <span class='ocrx_word' id='word_1_238' title='bbox 985 3223 1027 3294; x_wconf 94' lang='lat' dir='ltr'><strong>ad</strong></span> <span class='ocrx_word' id='word_1_239' title='bbox 1053 3247 1147 3320; x_wconf 87' lang='lat' dir='ltr'><strong>quam</strong></span> <span class='ocrx_word' id='word_1_240' title='bbox 1173 3231 1246 3314; x_wconf 50' lang='lat' dir='ltr'><strong>tenff</strong></span> <span class='ocrx_word' id='word_1_241' title='bbox 1383 3247 1386 3252; x_wconf 91' lang='lat'>·</span> <span class='ocrx_word' id='word_1_242' title='bbox 1480 3196 1510 3284; x_wconf 37' lang='lat'><strong>³„</strong></span> 
     </span>
    </p>
   </div>
   <div class='ocr_carea' id='block_1_9' title="bbox 28 3323 1313 3934">
    <p class='ocr_par' dir='ltr' id='par_1_9' title="bbox 28 3323 1313 3934">
     <span class='ocr_line' id='line_1_29' title="bbox 130 3323 1243 3420; baseline -0.003 -20"><span class='ocrx_word' id='word_1_243' title='bbox 130 3325 310 3400; x_wconf 81' lang='lat' dir='ltr'><strong>minaretur</strong></span> <span class='ocrx_word' id='word_1_244' title='bbox 343 3348 478 3416; x_wconf 77' lang='lat' dir='ltr'><strong>eamus,</strong></span> <span class='ocrx_word' id='word_1_245' title='bbox 520 3323 652 3420; x_wconf 83' lang='lat' dir='ltr'><strong>punctis</strong></span> <span class='ocrx_word' id='word_1_246' title='bbox 677 3345 715 3392; x_wconf 84' lang='lat' dir='ltr'><strong>a·</strong></span> <span class='ocrx_word' id='word_1_247' title='bbox 736 3324 843 3419; x_wconf 85' lang='lat' dir='ltr'><strong>prima</strong></span> <span class='ocrx_word' id='word_1_248' title='bbox 878 3333 966 3396; x_wconf 85' lang='lat' dir='ltr'><strong>meta</strong></span> <span class='ocrx_word' id='word_1_249' title='bbox 999 3323 1040 3395; x_wconf 94' lang='lat' dir='ltr'><strong>ad</strong></span> <span class='ocrx_word' id='word_1_250' title='bbox 1074 3325 1243 3397; x_wconf 86' lang='lat' dir='ltr'><strong>sinistrum</strong></span> 
     </span>
     <span class='ocr_line' id='line_1_30' title="bbox 130 3421 1243 3524; baseline 0 -24"><span class='ocrx_word' id='word_1_251' title='bbox 130 3427 312 3524; x_wconf 76' lang='lat' dir='ltr'><strong>marginem</strong></span> <span class='ocrx_word' id='word_1_252' title='bbox 337 3424 546 3522; x_wconf 88' lang='lat' dir='ltr'><strong>hippodromi</strong></span> <span class='ocrx_word' id='word_1_253' title='bbox 571 3423 693 3520; x_wconf 81' lang='lat' dir='ltr'><strong>positis</strong></span> <span class='ocrx_word' id='word_1_254' title='bbox 716 3422 913 3520; x_wconf 85' lang='lat' dir='ltr'><strong>designavit.</strong></span> <span class='ocrx_word' id='word_1_255' title='bbox 963 3421 1015 3516; x_wconf 83' lang='lat' dir='ltr'><strong>Ne</strong></span> <span class='ocrx_word' id='word_1_256' title='bbox 1032 3425 1097 3496; x_wconf 91' lang='lat' dir='ltr'><strong>hoe</strong></span> <span class='ocrx_word' id='word_1_257' title='bbox 1112 3424 1243 3521; x_wconf 82' lang='lat' dir='ltr'><strong>quidem</strong></span> 
     </span>
     <span class='ocr_line' id='line_1_31' title="bbox 28 3524 1243 3626; baseline -0.006 -21"><span class='ocrx_word' id='word_1_258' title='bbox 28 3601 32 3614; x_wconf 88' lang='grc'>,</span> <span class='ocrx_word' id='word_1_259' title='bbox 129 3527 206 3606; x_wconf 78' lang='lat' dir='ltr'><strong>heri</strong></span> <span class='ocrx_word' id='word_1_260' title='bbox 230 3528 351 3626; x_wconf 84' lang='lat' dir='ltr'><strong>potnit.</strong></span> <span class='ocrx_word' id='word_1_261' title='bbox 376 3561 378 3568; x_wconf 95' lang='lat'>·</span> <span class='ocrx_word' id='word_1_262' title='bbox 401 3524 486 3598; x_wconf 86' lang='lat' dir='ltr'><strong>N&#39;am</strong></span> <span class='ocrx_word' id='word_1_263' title='bbox 511 3532 563 3597; x_wconf 86' lang='lat' dir='ltr'><strong>tot</strong></span> <span class='ocrx_word' id='word_1_264' title='bbox 580 3524 694 3622; x_wconf 73' lang='lat' dir='ltr'><strong>equis,</strong></span> <span class='ocrx_word' id='word_1_265' title='bbox 715 3525 934 3597; x_wconf 75' lang='lat' dir='ltr'><strong>vtotoorribos</strong></span> <span class='ocrx_word' id='word_1_266' title='bbox 955 3525 1066 3598; x_wconf 85' lang='lat' dir='ltr'><strong>sexies</strong></span> <span class='ocrx_word' id='word_1_267' title='bbox 1087 3533 1144 3598; x_wconf 87' lang='lat' dir='ltr'><strong>ant</strong></span> <span class='ocrx_word' id='word_1_268' title='bbox 1158 3525 1243 3598; x_wconf 63' lang='lat' dir='ltr'><strong>dam</strong></span> 
     </span>
     <span class='ocr_line' id='line_1_32' title="bbox 131 3621 1313 3726; baseline -0.003 -23"><span class='ocrx_word' id='word_1_269' title='bbox 131 3629 243 3704; x_wconf 85' lang='lat' dir='ltr'><strong>deoies</strong></span> <span class='ocrx_word' id='word_1_270' title='bbox 275 3653 337 3726; x_wconf 91' lang='lat' dir='ltr'><strong>per</strong></span> <span class='ocrx_word' id='word_1_271' title='bbox 368 3651 441 3700; x_wconf 89' lang='lat' dir='ltr'><strong>eam</strong></span> <span class='ocrx_word' id='word_1_272' title='bbox 471 3627 593 3699; x_wconf 87' lang='lat' dir='ltr'><strong>lineam</strong></span> <span class='ocrx_word' id='word_1_273' title='bbox 623 3625 833 3723; x_wconf 85' lang='lat' dir='ltr'><strong>rapidissimo</strong></span> <span class='ocrx_word' id='word_1_274' title='bbox 867 3651 966 3699; x_wconf 85' lang='lat' dir='ltr'><strong>eamn</strong></span> <span class='ocrx_word' id='word_1_275' title='bbox 998 3621 1243 3701; x_wconf 76' lang='lat' dir='ltr'><strong>nauseantibus</strong></span> <span class='ocrx_word' id='word_1_276' title='bbox 1310 3659 1313 3683; x_wconf 86' lang='lat'><em>·</em></span> 
     </span>
     <span class='ocr_line' id='line_1_33' title="bbox 129 3724 1242 3830; baseline -0.004 -25"><span class='ocrx_word' id='word_1_277' title='bbox 129 3731 211 3830; x_wconf 67' lang='lat' dir='ltr'><strong>qnid</strong></span> <span class='ocrx_word' id='word_1_278' title='bbox 234 3731 366 3805; x_wconf 84' lang='lat' dir='ltr'><strong>tandem</strong></span> <span class='ocrx_word' id='word_1_279' title='bbox 391 3729 463 3803; x_wconf 86' lang='lat' dir='ltr'><strong>eins</strong></span> <span class='ocrx_word' id='word_1_280' title='bbox 486 3728 639 3802; x_wconf 83' lang='lat' dir='ltr'><strong>relictam</strong></span> <span class='ocrx_word' id='word_1_281' title='bbox 665 3735 766 3819; x_wconf 79' lang='lat' dir='ltr'><strong>esset,</strong></span> <span class='ocrx_word' id='word_1_282' title='bbox 792 3724 880 3823; x_wconf 78' lang='lat' dir='ltr'><strong>qnod</strong></span> <span class='ocrx_word' id='word_1_283' title='bbox 904 3753 971 3801; x_wconf 90' lang='lat' dir='ltr'><strong>oon</strong></span> <span class='ocrx_word' id='word_1_284' title='bbox 996 3735 1085 3801; x_wconf 85' lang='lat' dir='ltr'><strong>esset</strong></span> <span class='ocrx_word' id='word_1_285' title='bbox 1108 3729 1242 3827; x_wconf 84' lang='lat' dir='ltr'><strong>ungulis</strong></span> 
     </span>
     <span class='ocr_line' id='line_1_34' title="bbox 130 3829 1243 3934; baseline -0.001 -29"><span class='ocrx_word' id='word_1_286' title='bbox 130 3849 290 3931; x_wconf 75' lang='lat' dir='ltr'><strong>eqnmnm</strong></span> <span class='ocrx_word' id='word_1_287' title='bbox 314 3831 462 3934; x_wconf 85' lang='lat' dir='ltr'><strong>rotisque</strong></span> <span class='ocrx_word' id='word_1_288' title='bbox 493 3854 647 3904; x_wconf 86' lang='lat' dir='ltr'><strong>enrrnum</strong></span> <span class='ocrx_word' id='word_1_289' title='bbox 676 3829 725 3901; x_wconf 89' lang='lat' dir='ltr'><strong>ita</strong></span> <span class='ocrx_word' id='word_1_290' title='bbox 758 3829 934 3926; x_wconf 80' lang='lat' dir='ltr'><strong>protritum</strong></span> <span class='ocrx_word' id='word_1_291' title='bbox 960 3838 1057 3927; x_wconf 83' lang='lat' dir='ltr'><strong>atque</strong></span> <span class='ocrx_word' id='word_1_292' title='bbox 1083 3853 1181 3904; x_wconf 86' lang='lat' dir='ltr'><strong>arana</strong></span> <span class='ocrx_word' id='word_1_293' title='bbox 1207 3840 1243 3904; x_wconf 90' lang='lat' dir='ltr'><strong>et</strong></span> 
     </span>
    </p>
   </div>
   <div class='ocr_carea' id='block_1_10' title="bbox 59 3925 1271 4634">
    <p class='ocr_par' dir='ltr' id='par_1_10' title="bbox 106 3925 1271 4438">
     <span class='ocr_line' id='line_1_35' title="bbox 106 3925 1242 4032; baseline -0.003 -25"><span class='ocrx_word' id='word_1_294' title='bbox 106 3983 110 3990; x_wconf 89' lang='lat'>-</span> <span class='ocrx_word' id='word_1_295' title='bbox 130 3937 271 4032; x_wconf 78' lang='lat' dir='ltr'><strong>prinam</strong></span> <span class='ocrx_word' id='word_1_296' title='bbox 297 3935 461 4026; x_wconf 87' lang='lat' dir='ltr'><strong>ohrotom,</strong></span> <span class='ocrx_word' id='word_1_297' title='bbox 486 3941 525 4006; x_wconf 88' lang='lat' dir='ltr'><strong>nt</strong></span> <span class='ocrx_word' id='word_1_298' title='bbox 548 3932 674 4004; x_wconf 84' lang='lat' dir='ltr'><strong>nullom</strong></span> <span class='ocrx_word' id='word_1_299' title='bbox 690 3932 830 4028; x_wconf 86' lang='lat' dir='ltr'><strong>amplius</strong></span> <span class='ocrx_word' id='word_1_300' title='bbox 851 3931 1026 4029; x_wconf 78' lang='lat' dir='ltr'><strong>vestigium</strong></span> <span class='ocrx_word' id='word_1_301' title='bbox 1040 3925 1242 4032; x_wconf 80' lang='lat' dir='ltr'><strong>appareret?</strong></span> 
     </span>
     <span class='ocr_line' id='line_1_36' title="bbox 130 4031 1241 4131; baseline -0.003 -22"><span class='ocrx_word' id='word_1_302' title='bbox 130 4035 248 4109; x_wconf 80' lang='lat' dir='ltr'><strong>homo.</strong></span> <span class='ocrx_word' id='word_1_303' title='bbox 262 4038 369 4110; x_wconf 82' lang='lat' dir='ltr'><strong>atham</strong></span> <span class='ocrx_word' id='word_1_304' title='bbox 392 4037 490 4110; x_wconf 88' lang='lat' dir='ltr'><strong>istam</strong></span> <span class='ocrx_word' id='word_1_305' title='bbox 514 4034 654 4126; x_wconf 84' lang='lat' dir='ltr'><strong>lineam,</strong></span> <span class='ocrx_word' id='word_1_306' title='bbox 691 4057 787 4131; x_wconf 86' lang='lat' dir='ltr'><strong>qnam</strong></span> <span class='ocrx_word' id='word_1_307' title='bbox 819 4040 941 4109; x_wconf 86' lang='lat' dir='ltr'><strong>oratam</strong></span> <span class='ocrx_word' id='word_1_308' title='bbox 966 4031 1083 4108; x_wconf 88' lang='lat' dir='ltr'><strong>Latini</strong></span> <span class='ocrx_word' id='word_1_309' title='bbox 1108 4042 1241 4125; x_wconf 81' lang='lat' dir='ltr'><strong>vocant,</strong></span> 
     </span>
     <span class='ocr_line' id='line_1_37' title="bbox 131 4136 1271 4235; baseline -0.004 -24"><span class='ocrx_word' id='word_1_310' title='bbox 131 4137 168 4211; x_wconf 89' lang='lat' dir='ltr'><strong>in</strong></span> <span class='ocrx_word' id='word_1_311' title='bbox 192 4140 343 4235; x_wconf 83' lang='lat' dir='ltr'><strong>proieotn</strong></span> <span class='ocrx_word' id='word_1_312' title='bbox 373 4138 501 4212; x_wconf 73' lang='lat' dir='ltr'><strong>sinistri</strong></span> <span class='ocrx_word' id='word_1_313' title='bbox 533 4137 649 4210; x_wconf 88' lang='lat' dir='ltr'><strong>lateris</strong></span> <span class='ocrx_word' id='word_1_314' title='bbox 680 4142 746 4207; x_wconf 86' lang='lat' dir='ltr'><strong>tam</strong></span> <span class='ocrx_word' id='word_1_315' title='bbox 771 4136 871 4232; x_wconf 79' lang='lat' dir='ltr'><strong>longe</strong></span> <span class='ocrx_word' id='word_1_316' title='bbox 896 4159 918 4208; x_wconf 92' lang='lat' dir='ltr'><strong>a</strong></span> <span class='ocrx_word' id='word_1_317' title='bbox 942 4137 1048 4234; x_wconf 83' lang='lat' dir='ltr'><strong>prima</strong></span> <span class='ocrx_word' id='word_1_318' title='bbox 1071 4143 1158 4208; x_wconf 85' lang='lat' dir='ltr'><strong>meta</strong></span> <span class='ocrx_word' id='word_1_319' title='bbox 1182 4159 1239 4208; x_wconf 89' lang='lat' dir='ltr'><strong>re·</strong></span> <span class='ocrx_word' id='word_1_320' title='bbox 1268 4149 1271 4154; x_wconf 74' lang='grc'>“</span> 
     </span>
     <span class='ocr_line' id='line_1_38' title="bbox 131 4235 1238 4338; baseline -0.003 -26"><span class='ocrx_word' id='word_1_321' title='bbox 131 4247 254 4317; x_wconf 75' lang='lat' dir='ltr'><strong>moon</strong></span> <span class='ocrx_word' id='word_1_322' title='bbox 278 4239 382 4314; x_wconf 81' lang='lat' dir='ltr'><strong>inisse</strong></span> <span class='ocrx_word' id='word_1_323' title='bbox 406 4247 559 4338; x_wconf 86' lang='lat' dir='ltr'><strong>oportet,</strong></span> <span class='ocrx_word' id='word_1_324' title='bbox 594 4246 632 4310; x_wconf 88' lang='lat' dir='ltr'><strong>at</strong></span> <span class='ocrx_word' id='word_1_325' title='bbox 657 4245 745 4309; x_wconf 85' lang='lat' dir='ltr'><strong>esset</strong></span> <span class='ocrx_word' id='word_1_326' title='bbox 769 4245 865 4310; x_wconf 82' lang='lat' dir='ltr'><strong>extra</strong></span> <span class='ocrx_word' id='word_1_327' title='bbox 890 4235 1081 4312; x_wconf 84' lang='lat' dir='ltr'><strong>amfraetom</strong></span> <span class='ocrx_word' id='word_1_328' title='bbox 1112 4237 1148 4309; x_wconf 88' lang='lat' dir='ltr'><strong>in</strong></span> <span class='ocrx_word' id='word_1_329' title='bbox 1173 4261 1238 4333; x_wconf 86' lang='lat' dir='ltr'><strong>quo</strong></span> 
     </span>
     <span class='ocr_line' id='line_1_39' title="bbox 129 4337 1239 4438; baseline -0.005 -23"><span class='ocrx_word' id='word_1_330' title='bbox 129 4342 257 4416; x_wconf 71' lang='lat' dir='ltr'><strong>dream</strong></span> <span class='ocrx_word' id='word_1_331' title='bbox 280 4341 418 4438; x_wconf 84' lang='lat' dir='ltr'><strong>primam</strong></span> <span class='ocrx_word' id='word_1_332' title='bbox 442 4350 562 4415; x_wconf 88' lang='lat' dir='ltr'><strong>metam</strong></span> <span class='ocrx_word' id='word_1_333' title='bbox 586 4340 798 4432; x_wconf 75' lang='lat' dir='ltr'><strong>flecterentur</strong></span> <span class='ocrx_word' id='word_1_334' title='bbox 822 4341 919 4437; x_wconf 85' lang='lat' dir='ltr'><strong>eqni,</strong></span> <span class='ocrx_word' id='word_1_335' title='bbox 952 4340 1000 4413; x_wconf 85' lang='lat' dir='ltr'><strong>ito</strong></span> <span class='ocrx_word' id='word_1_336' title='bbox 1025 4343 1062 4408; x_wconf 86' lang='lat' dir='ltr'><strong>nt</strong></span> <span class='ocrx_word' id='word_1_337' title='bbox 1085 4337 1157 4430; x_wconf 86' lang='lat' dir='ltr'><strong>ilii,</strong></span> <span class='ocrx_word' id='word_1_338' title='bbox 1183 4339 1239 4410; x_wconf 89' lang='lat' dir='ltr'><strong>nl·</strong></span> 
     </span>
    </p>

    <p class='ocr_par' dir='ltr' id='par_1_11' title="bbox 59 4437 1238 4542">
     <span class='ocr_line' id='line_1_40' title="bbox 59 4437 1238 4542; baseline -0.003 -25"><span class='ocrx_word' id='word_1_339' title='bbox 59 4451 65 4466; x_wconf 79' lang='grc'><em>’</em></span> <span class='ocrx_word' id='word_1_340' title='bbox 132 4443 247 4517; x_wconf 82' lang='lat' dir='ltr'><strong>timum</strong></span> <span class='ocrx_word' id='word_1_341' title='bbox 271 4465 401 4516; x_wconf 80' lang='lat' dir='ltr'><strong>cansam</strong></span> <span class='ocrx_word' id='word_1_342' title='bbox 433 4447 629 4542; x_wconf 74' lang='lat' dir='ltr'><strong>peragentes</strong></span> <span class='ocrx_word' id='word_1_343' title='bbox 660 4442 839 4539; x_wconf 87' lang='lat' dir='ltr'><strong>praeterito</strong></span> <span class='ocrx_word' id='word_1_344' title='bbox 872 4441 932 4515; x_wconf 91' lang='lat' dir='ltr'><strong>illo</strong></span> <span class='ocrx_word' id='word_1_345' title='bbox 962 4437 1120 4512; x_wconf 82' lang='lat' dir='ltr'><strong>amiraotn</strong></span> <span class='ocrx_word' id='word_1_346' title='bbox 1146 4449 1238 4514; x_wconf 86' lang='lat' dir='ltr'><strong>reeta</strong></span> 
     </span>
    </p>

    <p class='ocr_par' dir='ltr' id='par_1_12' title="bbox 171 4551 1237 4634">
     <span class='ocr_line' id='line_1_41' title="bbox 171 4551 1237 4634; baseline -0.004 -8"><span class='ocrx_word' id='word_1_347' title='bbox 171 4557 286 4627; x_wconf 74' lang='lat' dir='ltr'><strong>lirun.</strong></span> <span class='ocrx_word' id='word_1_348' title='bbox 308 4557 367 4628; x_wconf 83' lang='lat' dir='ltr'><strong>Or.</strong></span> <span class='ocrx_word' id='word_1_349' title='bbox 386 4557 458 4629; x_wconf 81' lang='lat' dir='ltr'><strong>vlt.</strong></span> <span class='ocrx_word' id='word_1_350' title='bbox 596 4557 630 4634; x_wconf 82' lang='grc'><strong>’,</strong></span> <span class='ocrx_word' id='word_1_351' title='bbox 768 4613 771 4620; x_wconf 25' lang='lat' dir='ltr'><strong>r</strong></span> <span class='ocrx_word' id='word_1_352' title='bbox 979 4553 1035 4624; x_wconf 79' lang='lat' dir='ltr'><strong>Ge</strong></span> <span class='ocrx_word' id='word_1_353' title='bbox 1234 4551 1237 4565; x_wconf 85' lang='lat'>&#39;</span> 
     </span>
    </p>
   </div>
   <div class='ocr_carea' id='block_1_11' title="bbox 0 0 1548 5050">
    <p class='ocr_par' dir='ltr' id='par_1_13' title="bbox 0 0 1548 5050">
     <span class='ocr_line' id='line_1_42' title="bbox 0 0 1548 5050; baseline 0 0"><span class='ocrx_word' id='word_1_354' title='bbox 0 0 1548 5050; x_wconf 95' lang='lat' dir='ltr'><strong> </strong></span> 
     </span>
    </p>
   </div>
  </div>
 </body>
</html>
