3076 5046
305 371 356 432 ffld
377 371 590 434 maenum
611 325 881 442 conunuudun
901 377 1049 440 1„ch
1106 435 1114 440 .
1168 377 1234 446 flii

118 535 266 616 mama
293 534 490 634 profecto
508 535 595 612 aad
606 536 803 636 furerent,
830 542 881 614 in
912 519 1051 644 peliden
1075 544 1233 618 cantico

25 681 26 684 =
117 638 251 738 elman
285 659 342 711 oro
372 637 574 736 Sophoclis
607 639 813 742 Antigona
843 643 908 716 eol
936 641 1080 744 Oedipo
1105 633 1230 744 Rege,

117 762 237 839 eoque
263 737 338 812 ἀπὸ
363 747 516 837 σκηνῆς,
550 737 656 817 dread
677 755 718 817 et
738 742 899 818 aldrado
918 741 1120 846 decerpto,
1148 769 1230 818 cer·

116 850 207 912 tare
224 842 421 938 maturaret
444 853 605 916 carator:
636 856 677 918 et
699 855 834 954 operate
853 856 978 945 patet,
1004 871 1107 946 quae
1131 848 1230 921 eem'-
1266 855 1272 866 '

115 955 262 1032 merome
287 945 356 1019 icti
377 945 420 1016 ire
444 941 502 1016 bin
527 944 631 1018 ludio
656 945 828 1020 comoedi
855 958 895 1021 et
917 945 1116 1046 tragoedi,
1149 973 1230 1021 am-
1282 987 1290 1018 t

110 1043 247 1139 pliorem
262 1044 403 1141 jurene·
420 1049 601 1120 eormirra
626 1049 767 1144 lyrico,
794 1073 897 1148 quoe
919 1049 962 1122 ire
981 1048 1084 1122 tude
1102 1051 1234 1122 locum
1283 1111 1285 1116 ,

114 1147 221 1218 teari
239 1157 411 1242 moerent.
459 1147 514 1220 Ad
546 1149 628 1221 haee
660 1150 766 1247 primo
797 1150 998 1246 respondere
1030 1151 1127 1242 licet,
1161 1175 1229 1224 non
1295 1236 1303 1244 ,

113 1243 235 1319 iustam
262 1271 336 1320 esse
362 1247 694 1342 demonstrationem,
725 1275 790 1348 qua
822 1258 940 1348 sponte
964 1259 1078 1348 patere
1105 1251 1227 1325 (heitar

63 1387 66 1391 ·
112 1345 159 1438 id,
197 1348 289 1445 quod
314 1349 519 1447 comprobari
545 1353 746 1447 argumentis
771 1361 827 1424 aut
852 1352 1048 1426 testimoniis
1074 1352 1228 1426 debebat.

111 1445 248 1520 Deinde
273 1450 369 1523 leves
394 1475 472 1524 sane
498 1461 533 1538 et
556 1462 671 1527 tenues
697 1462 808 1526 essent
833 1454 924 1544 ludi,
960 1455 1048 1526 siin
1073 1455 1118 1528 iis
1138 1453 1225 1532 nihil

111 1549 204 1625 uliud
231 1559 341 1624 actum
367 1561 473 1645 esset,
501 1575 596 1650 quam
621 1563 658 1628 ut
683 1554 859 1628 comoedus
885 1553 1004 1650 aliquis
1030 1561 1064 1628 et
1089 1565 1227 1653 tragoe-

110 1651 174 1724 dus
200 1652 302 1724 breve
328 1654 489 1728 cauticum
514 1655 681 1727 recitaret.
731 1655 779 1727 At
804 1655 915 1727 multis
941 1655 1039 1730 etiam
1067 1656 1142 1727 aliis
1167 1681 1224 1731 ue·
1312 1670 1321 1676 “

109 1751 173 1824 bus
200 1761 368 1826 certatum·
387 1763 450 1847 est,
478 1764 512 1828 ct
536 1756 573 1828 in
596 1755 648 1832 his
675 1763 766 1828 certo
794 1755 983 1856 quibusdam
1003 1779 1068 1828 nun
1088 1757 1225 1853 perlon-

109 1854 184 1949 gis:
221 1856 326 1928 ueluti
358 1858 415 1953 qui
438 1857 568 1928 initium
594 1857 758 1932 faciebant
785 1881 985 1955 praecones,
1022 1858 1138 1953 ecquis
1160 1858 1253 1942 hos
1341 1859 1345 1878 '

17 2011 22 2020 .
109 1964 199 2027 tutas
232 1956 332 2028 hores
359 1959 545 2030 clamitasse
571 1952 712 2032 eredat?
760 1957 869 2031 Porro
896 1958 1104 2032 concedimus
1129 1983 1222 2052 sane,
1276 2049 1279 2058 ,

111 2079 194 2152 quae
222 2058 374 2154 tragoedi
400 2060 587 2134 comoediae
612 2061 807 2152 recitabant,
837 2084 908 2134 earn
935 2059 1086 2132 debuisse
1111 2059 1223 2158 longi·

109 2158 257 2232 tudinem
282 2161 413 2252 hahere,
440 2170 477 2233 ut
502 2162 645 2258 spectari
671 2162 841 2259 audirique
868 2185 988 2259 operae
1008 2162 1152 2260 pretium
1165 2187 1224 2234 es-
1252 2185 1255 2192 ’

109 2268 172 2332 eet.
226 2260 317 2352 Quid
342 2255 448 2335 vero?
479 2288 547 2334 nnn
570 2264 688 2335 iustam
704 2262 959 2359 magnitudinem
974 2263 1072 2336 habet
1093 2263 1221 2336 descri-

108 2362 178 2458 ptio
204 2387 339 2459 pugnae
363 2361 564 2436 Salaminiae
588 2365 625 2436 in
648 2363 763 2436 Persis
788 2355 975 2457 Aeschyli?
1013 2389 1080 2436 non
1104 2364 1221 2444 Aiacis
1307 2448 1309 2459 ¹

107 2463 142 2534 in
169 2463 317 2536 defixum
342 2487 452 2546 ensem
469 2464 645 2536 incubituri
667 2465 774 2550 oratio
797 2462 883 2558 apud
900 2457 1129 2559 Sophoclem?
1153 2469 1220 2539 hon
1249 2540 1253 2546 ,

107 2563 167 2636 illa
192 2565 229 2638 in
255 2565 381 2638 Avibus
406 2564 639 2659 Aristophanis
665 2565 786 2636 eximia
811 2563 921 2633 nnundi
947 2563 1084 2658 originis
1109 2566 1221 2659 expli·

7 2719 9 2722 -
108 2659 226 2738 catio?
266 2681 332 2736 nun
364 2673 414 2736 tot
445 2665 640 2736 recentioris
672 2662 860 2740 comoediae
893 2663 1042 2754 cantica,
1083 2687 1220 2759 quorum

105 2766 283 2862 praeclara
318 2765 476 2862 quaedem
508 2765 659 2862 exempla
693 2765 728 2835 in
760 2761 874 2836 Plauti
907 2763 1026 2834 iahulis
1059 2757 1219 2838 ensem?

106 2865 157 2940 Et
190 2867 265 2964 quis
291 2868 397 2940 nescit
403 2919 416 2959 ,
453 2877 653 2964 quantopere
686 2865 841 2939 delectati
865 2864 987 2938 inerint
1012 2862 1137 2940 Graeci
1162 2889 1219 2938 re·

107 2969 359 3064 praesentandis
384 2994 456 3042 cum
483 2968 726 3042 accommodato
752 2976 849 3064 gestu
874 2967 1096 3059 sermonibus,
1130 2967 1219 3063 quod

106 3072 278 3170 proprium
310 3080 361 3164 est
393 3095 507 3144 eurum
532 3071 696 3163 cilicium,
734 3071 789 3166 qui
822 3069 972 3166 tragoedi
1004 3067 1217 3166 comoedique
1465 3153 1467 3160 Ι

40 3221 42 3228 κ
108 3165 329 3246 dicebantur?
379 3172 484 3246 Immo
511 3198 550 3247 eu
576 3174 664 3269 ipso,
691 3172 777 3269 quod
803 3173 877 3244 istis
903 3171 1086 3244 nominibus
1111 3171 1147 3242 in
1161 3173 1217 3244 iu·
1348 3243 1352 3252 ,

107 3275 342 3371 scriptionibus
366 3275 435 3346 illis
462 3275 609 3346 distincti
634 3284 721 3365 sunt,
746 3273 782 3344 id
800 3299 870 3365 eos,
898 3273 984 3369 quod
1001 3272 1144 3349 munen‘s
1163 3272 1268 3348 suile

107 3384 217 3466 esset,
243 3400 307 3446 non
334 3374 424 3445 aliud
449 3375 526 3469 qnid
552 3375 680 3468 egisse,
714 3383 965 3446 cousentaneum
991 3382 1054 3445 est.
1105 3370 1214 3447 Porro

109 3477 227 3550 scribit
241 3473 450 3548 Bneekhins:
477 3471 615 3546 deinde
640 3476 676 3546 ei
698 3471 931 3572 tragoedum
951 3479 1110 3555 παλαιᾶς
1124 3502 1214 3572 upa-

107 3575 248 3675 γῳδίας
274 3588 391 3673 parter
423 3599 480 3648 em
512 3585 662 3646 comesto
695 3572 901 3672 tragoedia
935 3572 1214 3673 deprompsisse

108 3681 319 3766 ceraticum,
345 3702 419 3750 cam·
444 3699 500 3750 em
523 3678 680 3748 retortio
704 3673 917 3773 tragoediie
937 3677 1022 3747 eolo
1040 3673 1213 3770 deprene-

103 3792 178 3874 pto
211 3780 372 3856 corotico
403 3778 517 3850 comt?
557 3801 632 3848 eur
666 3798 744 3848 mom
775 3777 956 3873 integrae
989 3776 1083 3848 illae
1121 3788 1214 3852 earet

107 3894 269 3973 actae,
303 3905 421 3981 qoem
454 3891 584 3951 tamem
614 3900 736 3950 monae
761 3878 841 3950 siret
864 3877 1015 3950 astarti
1050 3875 1105 3948 Ad
1128 3878 1214 3952 haee

106 3984 306 4078 respondere
331 3981 522 4054 facillimum
548 3986 611 4051 est.
663 3975 800 4052 Cantica
824 3979 909 4068 sula,
940 4003 1006 4050 non
1031 3979 1103 4052 sula
1128 4003 1214 4076 quae

109 4080 182 4155 ἀπὸ
209 4091 340 4181 σκηνῆς
365 4091 541 4173 vocantur,
567 4090 603 4153 ut
627 4080 737 4178 placet
760 4079 951 4172 Boeckhio,
977 4079 1035 4153 sed
1061 4103 1143 4177 quae
1168 4081 1211 4152 ab

107 4179 242 4256 Latinis
275 4187 402 4258 cantica
435 4184 605 4286 dicuntur,
642 4183 705 4254 huc
729 4190 780 4253 est
811 4181 906 4253 unius
937 4181 1105 4279 longiores
1136 4182 1208 4254 sine

108 4283 344 4359 interlocutore
368 4311 548 4379 sermones,
574 4285 719 4358 delectos
745 4282 925 4376 credimus,
959 4282 1123 4381 quiahoc
1147 4306 1209 4378 ge·
1258 4361 1264 4373 Ι

109 4407 170 4459 nus
195 4387 380 4462 certaniinis
411 4390 510 4486 plana
540 4386 630 4460 aliud
660 4385 762 4458 fuisse
787 4393 957 4482 putamus,
992 4407 1088 4482 quam
1111 4381 1214 4454 enbi-
