3084 5050
288 400 350 470 1'48
566 399 862 474 EMENDATIONES
884 396 1119 460 plauderent.

285 565 479 668 μοζόντων
503 567 567 642 καὶ
590 561 945 657 κατασκευαζόντων
968 560 1153 640 τεκτόνων
1177 561 1399 659 ποικίλματα

287 673 313 746 di
338 700 392 747 ων
416 669 484 743 τὸν
500 675 681 765 Κρισαῖον
706 666 824 768 λόφον
849 665 1011 742 κατὰτὸ
1036 662 1251 741 κοιλόπεδον
1270 663 1401 740 πεδίον
1533 707 1534 730 ι

286 700 423 871 ἔδραμε
448 779 516 845 τοῦ
535 767 772 854 Ἀπόλλωνος.
824 770 878 843 De
903 771 1174 866 interpretatione
1196 793 1261 842 non
1283 792 1402 850 assen-

214 925 215 932 ι
286 877 353 948 tior
378 874 571 966 Boeohhio,
605 875 757 969 qnoniam
784 873 892 944 omnia
917 873 1019 944 multo
1052 871 1184 944 facilius
1210 880 1243 942 at
1269 870 1401 966 planius
1505 925 1510 932 .

287 977 450 1075 explicari
474 985 626 1073 possunt.
685 973 779 1046 luter
804 971 956 1046 Cirrham
989 984 1025 1046 et
1048 972 1201 1070 Delphos
1235 971 1332 1043 collis
1367 979 1402 1042 et
1435 969 1440 980 '

287 1104 387 1176 rupes
413 1085 484 1167 est,
519 1077 560 1148 ad
587 1101 721 1173 eamque
748 1076 864 1168 vallis,
897 1076 932 1148 in
958 1099 1022 1170 qua
1046 1074 1293 1172 hippodromus.
1344 1071 1401 1144 De
1502 1069 1506 1080 '
1534 1159 1535 1162 Ἴ

287 1182 374 1253 colle
399 1181 434 1252 in
459 1175 639 1251 Homerico
664 1179 783 1273 hymno
808 1177 976 1274 Apollinis
1003 1177 1162 1276 seriptum
1187 1200 1220 1246 u.
1247 1177 1352 1249 282..
1534 1169 1535 1178 '

438 1330 513 1403 ἵκεο
531 1325 575 1402 δ’
606 1329 642 1412 ἐς
665 1325 832 1427 Κρίσσην
856 1323 928 1402 ὑπὸ
954 1323 1184 1426 Παρνησσὸν
1207 1321 1386 1424 νιφόεντα

437 1428 605 1530 κρημνόν
636 1429 728 1529 πρὸς
758 1429 934 1530 Ζέφυρον
951 1426 1237 1554 ατετραμμίνον,
1279 1425 1401 1522 αὐτὰρ
1535 1437 1536 1458 ³

439 1630 815 1755 me‘uppndmmpe'pauar,
840 1533 1247 1728 κοίληυδείόδίιδίδρομε
1262 1630 1402 1727 βῆσσα,

438 1761 599 1834 τρηχεια.

287 1885 470 1960 Pausanias
496 1886 547 1956 X.
575 1889 637 1976 37,
664 1888 702 1959 4.
728 1886 763 1966 ἐς
789 1881 829 1958 δι’
846 1881 987 1980 Upper
1010 1881 1053 1956 τό
1067 1880 1226 1958 ἐπίνειον
1242 1885 1404 1980 Δελφῶν

289 1983 380 2068 όδὸξ
400 1985 472 2081 μὲν
498 1984 664 2059 σταδίων
689 1982 863 2080 ἑξήκοντά
888 1989 989 2059 ἐστιν
1013 1988 1054 2058 ἐκ
1079 1991 1254 2082 Δελφῶν·
1287 2011 1403 2058 κατα-

182 2093 185 2104 ’
288 2084 402 2186 βοίντι
428 2084 468 2160 δὲ
495 2089 531 2168 ἐς
554 2085 597 2159 τὸ
623 2083 752 2160 πεδίον
776 2082 1006 2182 ἱππόδρομός
1026 2085 1068 2159 τό
1079 2089 1168 2176 ἐστι,
1193 2085 1257 2160 καὶ
1271 2086 1403 2187 ἀγῶνα

289 2184 427 2263 Πύθια
460 2187 616 2288 ἄγουσιν
649 2190 819 2263 ἐνταῦθα
849 2186 917 2262 τὸν
940 2184 1100 2262 ἱππικόν.
1158 2187 1319 2261 Eamdem
1344 2212 1404 2259 ru·-
1447 2241 1454 2248 .

290 2316 366 2389 pem
382 2290 592 2386 'significavit
605 2289 770 2361 Pindarus
795 2289 896 2386 Pyth.
921 2291 973 2361 X.
992 2292 1051 2364 15.
1079 2292 1175 2389 (23.)
1202 2291 1254 2363 his
1275 2289 1402 2362 uerbis:
1537 2341 1538 2352 a

249 2469 251 2476 ,
290 2393 401 2488 ἔθηκε
425 2389 489 2464 καὶ
513 2389 773 2488 βαθυλείμων’
797 2389 870 2466 ὑπὸ
885 2390 1020 2488 Κίρρας
1035 2389 1139 2492 ἅγιόν
1159 2390 1298 2489 πίτραν
1311 2418 1403 2490 κρα-

289 2490 470 2589 τησίποδα
486 2491 658 2590 Φρικίαν.
711 2491 828 2589 Itaque
844 2499 1023 2592 Κρισαῖον
1044 2490 1163 2592 λόφον
1183 2519 1280 2590 quum
1298 2492 1404 2588 ἀμεῖ-

93 2617 97 2642 ·
199 2643 201 2648 -
289 2615 361 2693 φαι
387 2596 508 2668 dieitur
534 2593 735 2686 Carrhotus,
769 2603 821 2668 est
845 2596 878 2668 id
907 2597 947 2668 de
972 2597 1046 2694 ipso
1073 2597 1250 2668 certamine
1275 2595 1404 2666 intelli-

167 2767 171 2780 ,
290 2698 444 2794 gendum.
508 2693 563 2782 Ita
603 2705 696 2795 patet
728 2705 820 2769 reete
854 2698 976 2770 dietum
1010 2722 1091 2776 esse
1118 2697 1222 2796 ἄγων
1255 2705 1403 2794 tempore
1538 2751 1539 2754 ,

290 2798 468 2896 praesenti.
534 2796 605 2869 Iam
638 2823 753 2870 currus
787 2823 965 2897 suspensus
999 2808 1050 2872 est
1081 2797 1156 2873 ἇνδι
1188 2793 1405 2872 κοιλόπεδον

243 2894 408 2980 19νοίπος
431 2900 547 2972 deod:
587 2924 661 2971 nam
695 2902 768 2996 quis
801 2902 836 2971 in
861 2910 961 2996 poeta
986 2925 1052 2973 non
1076 2901 1180 2992 serat,
1215 2901 1345 2973 etiamsi
1368 2900 1404 2970 in

290 3003 414 3098 templo
440 3001 608 3098 Apollinis
637 3001 806 3072 dedicatus
838 3003 883 3074 sit
917 3027 1051 3093 currus,
1085 3004 1237 3074 universe
1271 3003 1403 3093 vallem,

147 3106 150 3116 '
290 3103 326 3175 in
352 3127 417 3199 qna
441 3102 519 3173 urhs
546 3126 619 3172 cum
637 3103 760 3198 templo
783 3103 847 3174 sita
863 3110 927 3192 est,
953 3098 1141 3175 nominari?
1191 3102 1245 3175 De
1262 3126 1301 3174 ea
1316 3105 1403 3175 ualle

291 3204 474 3278 Pausanias
500 3203 552 3274 X.
578 3205 622 3292 6,
660 3207 693 3276 1.
728 3201 801 3276 ἀπὸ
832 3198 968 3276 τούτου
1001 3201 1042 3277 δὲ
1075 3211 1143 3278 τοῦ
1169 3208 1404 3302 Παρνασσοῦ

293 3307 414 3406 (virum
442 3305 539 3403 dicit)
572 3311 626 3401 τῷ
659 3333 698 3378 τε
732 3304 807 3402 όρει
841 3301 885 3378 τὸ
919 3305 1038 3400 ὄνομα
1068 3309 1241 3402 τεθῆναι,
1256 3304 1405 3408 λέγουσι

292 3407 357 3484 καί
381 3403 633 3506 Παρνασσίαν
658 3405 920 3502 ὀνομασθῆναι
944 3403 1078 3503 νάπην.
1130 3409 1218 3500 Quid
1245 3408 1346 3504 quod,
1374 3408 1403 3478 si

293 3533 347 3600 ea,
373 3531 456 3604 quae
481 3511 516 3581 in
536 3509 616 3579 urhe
632 3504 732 3604 νόπη
747 3511 936 3601 vocabatur,
962 3511 1178 3607 intelligenda
1191 3519 1293 3602 esset,
1318 3510 1405 3581 falsa

294 3607 436 3682 dixisset
460 3619 579 3708 poeta:
611 3613 769 3708 templum
794 3612 881 3683 enim
905 3612 939 3684 in
957 3635 1081 3684 summa
1102 3619 1196 3708 parte
1213 3611 1304 3683 urhis
1319 3618 1404 3684 erat.

294 3710 448 3784 Statuam
472 3713 635 3808 ligneam,
662 3737 758 3808 quam
782 3722 942 3786 memorat
965 3712 1150 3805 Pindarus,
1183 3721 1322 3810 propter
1349 3735 1406 3784 ve·

293 3819 450 3885 tustatem
482 3837 544 3910 pro
577 3814 673 3909 signo
698 3814 869 3887 Daedaleo
903 3816 1046 3887 habitam
1078 3839 1152 3887 esse
1177 3815 1406 3911 suspicabatur

295 3911 469 3986 Heeokius
502 3915 538 3985 in
564 3912 670 3987 Creta·
693 3916 758 3986 vol.
784 3913 855 3986 III.
890 3942 927 4013 p.
954 3919 1040 3993 161.
1074 3918 1258 4014 comparari
1289 3917 1406 4000 iubens
1450 4001 1452 4006 Ι

295 4015 536 4086 Philostratnm
567 4016 602 4087 in
634 4017 703 4086 uite
734 4013 907 4111 Apollonii
937 4017 1005 4090 VI.
1042 4022 1102 4092 ll.
1142 4028 1176 4089 et
1207 4017 1406 4090 Pausaniam

279 4115 350 4212 IX.
375 4117 414 4190 5.
447 4115 506 4187 sed
531 4115 618 4211 apud
642 4117 704 4188 hos
729 4117 813 4187 nihil
837 4117 987 4210 inuenio,
1021 4121 1108 4216 quod
1133 4120 1218 4192 hane
1243 4120 1407 4216 suspioio·

298 4243 373 4294 nem
398 4216 519 4290 firmet.
569 4215 612 4288 In
635 4224 803 4315 postremo
829 4241 927 4290 uersu
960 4221 1047 4316 quod
1072 4220 1263 4296 Boeohhius
1289 4220 1405 4310 edidit,

298 4318 367 4394 τὸν
391 4315 646 4415 μονόδροπον,
682 4311 823 4416 φυτόν,
863 4318 913 4391 sio
943 4322 1016 4417 ipse
1051 4324 1166 4395 vertite
1205 4321 1310 4396 ιιιιείο
1332 4322 1407 4393 illa

169 4416 174 4426 ’
299 4420 413 4533 luebat
435 4420 665 4526 αιφιοεείιιιι
689 4418 872 4496 aedicula
897 4420 954 4497 ud
974 4423 1129 4522 εεζρααια
1151 4448 1288 4524 propa,
1317 4424 1406 4498 Ore·
