3084 5050
314 411 377 504 loo
621 437 671 498 nn
694 437 840 499 orrrcro
861 437 1119 499 mrunrnnnrs.

314 611 551 696 exerceantur,
587 603 825 677 destinaremus
852 601 1052 677 Seminario.
1114 604 1280 696 Quocirca
1311 605 1426 702 paucis

313 706 546 778 declarandum
571 704 744 798 duximus,
781 705 860 802 quid
892 705 937 778 sit
967 705 1199 804 interpretari,
1235 715 1270 779 et
1303 706 1426 804 quaid

312 809 442 880 ratione
468 805 628 903 agendum
654 831 858 898 censeamus,
886 831 950 903 qno
976 808 1036 878 illa
1062 808 1126 902 duo
1145 827 1231 904 qnae'
1246 817 1426 905 pervagata

312 918 389 982 sunt
414 910 449 980 in
473 908 538 980 hoe
564 933 685 1006 genere
711 909 792 980 ritis
818 910 999 999 evitentur,
1033 909 1132 1007 exilis
1164 911 1200 981 in
1225 912 1323 982 rebus
1349 911 1427 981 nnl-

312 1012 378 1082 lius
403 1011 559 1082 momenti
592 1011 764 1108 diligentia
798 1018 832 1082 et
855 1012 1019 1107 elegantis
1053 1011 1247 1086 eruditionis
1281 1012 1425 1109 speciem

312 1137 393 1210 prae
418 1137 455 1184 se
480 1111 590 1184 lenens
609 1127 700 1183 'vana
724 1112 920 1206 loquacitas.

339 1219 341 1222 ’
414 1213 544 1310 Atque,
581 1221 618 1286 ut
650 1213 886 1285 adelinitione
912 1212 1178 1310 proficiscamur,
1213 1214 1426 1311 interpretari

188 1405 191 1412 Ι
313 1315 452 1406 dicimus
478 1314 624 1405 efficere,
651 1322 688 1385 ut
712 1315 756 1406 is,
783 1316 839 1411 qni
855 1315 965 1386 audiat
979 1315 1123 1412 legatae,
1151 1317 1250 1387 rerba
1266 1325 1427 1388 mentem-

215 1471 218 1486 .
314 1441 376 1512 qne
404 1416 576 1514 scriptoris
602 1417 670 1506 sic,
705 1417 752 1488 uti
777 1440 851 1487 eum
878 1407 1036 1535 oportet,
1055 1417 1221 1514 intelligat
1233 1420 1279 1509 Ξ).
1333 1416 1427 1489 Gon·

313 1507 719 1590 solto'hoo'addiffimns:
762 1513 1181 1615 sic,nt1enmoportet.
1231 1517 1315 1590 Nam
1342 1519 1426 1612 varii
1491 1541 1494 1546 ’

179 1617 189 1632 “
313 1626 389 1690 sunt
422 1641 462 1690 ac
489 1619 583 1690 valde
615 1619 704 1691 inter
736 1645 772 1691 se
798 1619 922 1691 diversi
946 1621 1187 1716 interpretandi
1211 1621 1319 1711 modi,
1356 1629 1426 1692 tum

311 1744 373 1816 pro
400 1728 499 1816 captu
526 1730 559 1792 et
584 1721 722 1793 scientia
747 1745 873 1813 eornm,
900 1722 1016 1818 quibus
1037 1722 1114 1818 qnid
1131 1723 1330 1819 explicetur,
1356 1730 1425 1793 tnm

310 1847 372 1924 pro
409 1821 526 1918 scripti
559 1824 715 1919 cuiusque
749 1824 963 1918 scriptorisve
996 1833 1113 1894 natura
1145 1831 1242 1918 atque
1274 1824 1430 1919 ingenio,

311 1933 380 1994 tum
405 1944 466 2020 pro
492 1923 598 2019 ipsius
623 1925 814 2020 interpretis
841 1924 971 1996 delectu
995 1932 1092 2018 atque
1110 1925 1263 1998 consilio.
1313 1925 1426 1995 Aliter

196 2113 201 2122 ,
252 2068 258 2082 ·
312 2025 398 2095 enim
423 2025 535 2121 pneris
561 2025 698 2122 aliquid,
726 2026 823 2096 aliter
847 2017 1157 2117 maturiori'aetati,
1187 2027 1285 2096 aliter
1308 2025 1426 2097 rudio-

310 2126 422 2217 ribus,
456 2127 554 2198 aliter
587 2126 694 2198 doctis
726 2125 958 2222 explicandum
991 2134 1060 2214 est;
1101 2126 1199 2198 aliam
1231 2127 1424 2218 historiens,

312 2227 412 2299 aliam
434 2221 664 2324 philosophus,
691 2228 788 2298 aliam
816 2235 947 2318 orator,
982 2227 1079 2299 aliam
1104 2236 1204 2326 poeta
1228 2229 1293 2300 sibi
1318 2229 1426 2299 inter·
1534 2249 1535 2304 3

256 2401 260 2414 ,
309 2329 529 2426 pretationem
560 2329 688 2425 poscit3
723 2329 862 2425 denique
895 2329 1060 2426 interpres
1096 2331 1148 2401 val
1180 2329 1221 2401 de
1247 2330 1356 2401 verbis
1375 2339 1426 2402 et
1534 2369 1535 2426 q

229 2523 231 2528 Ι
310 2431 502 2522 sententiis,
529 2432 583 2501 vel
609 2431 649 2502 de
674 2453 736 2502 usn
762 2439 796 2502 et
822 2432 1057 2503 consuetudine
1083 2432 1276 2530 scriptoris,
1303 2432 1356 2504 rel
1383 2430 1424 2502 de

310 2534 470 2624 oonsilio,
498 2541 572 2628 ‘qno
600 2533 672 2629 qnis
694 2533 891 2630 scripserit,
925 2535 1099 2631 operisque
1121 2533 1342 2622 cohaerentia,
1369 2533 1425 2605 rel

310 2635 351 2706 de
380 2635 553 2707 virtutibus
586 2645 620 2707 et
644 2636 734 2707 vitiis
768 2637 885 2732 scripti
910 2644 1021 2734 potest
1046 2641 1225 2733 exponere.
1278 2637 1425 2727 Quarum

305 2760 420 2809 rernm
452 2739 517 2809 etsi
550 2738 672 2810 nnllam
699 2740 868 2810 exclusam
901 2763 976 2811 csse
1002 2763 1022 2810 a
1047 2735 1233 2812 Seminario
1260 2739 1423 2829 volumus,
1533 2809 1534 2814 ,

153 2893 159 2898 .
284 2831 420 2910 dtamen
445 2863 549 2933 neque
576 2839 736 2909 eiusmodi
761 2841 1050 2936 interpretationes
1072 2839 1288 2911 instituendas
1306 2861 1425 2910 cense-
1533 2857 1534 2884 ¹

309 2947 394 3031 mus,
422 2940 538 3034 quibos
565 2939 773 3034 explicentur
799 2963 881 3034 qnae
907 2941 1018 3035 pueris
1042 2939 1197 3010 discenda
1214 2947 1308 3009 sunt:
1336 2939 1424 3034 qnod

308 3041 374 3112 lroo
399 3063 502 3135 genus
528 3040 810 3135 interpretationis
844 3063 949 3134 neque
983 3038 1023 3108 ad
1055 3039 1147 3108 illius
1180 3039 1422 3132 formationem,

310 3141 366 3237 qni
392 3165 431 3212 eo
458 3141 581 3230 utitur,
614 3140 749 3210 mnltnm
777 3139 924 3229 conlert,
957 3147 992 3210 et
1017 3138 1223 3209 audientibus
1249 3140 1423 3214 molestum

309 3251 379 3314 est:
412 3264 518 3338 neque
544 3240 626 3312 illud
653 3264 757 3337 genus
783 3239 1006 3337 probabimus,
1034 3263 1097 3335 qno
1126 3241 1177 3310 rel
1195 3241 1329 3337 copiose
1351 3265 1424 3312 ma-

188 3347 195 3353 '
310 3345 362 3441 gis
388 3350 485 3439 atque
512 3352 639 3432 ornate,
667 3339 762 3438 qnam
789 3342 877 3414 clare
900 3348 933 3412 et
950 3342 1124 3438 perspicue
1148 3341 1341 3435 disseratur,
1368 3346 1423 3416 rel
1532 3417 1533 3430 ¹

309 3446 410 3517 lectio
437 3446 547 3540 potius
573 3445 675 3515 nrnlta
701 3451 897 3533 ostentetur,
935 3467 1028 3538 qnam
1056 3443 1298 3516 demonstretur
1323 3469 1423 3518 accu-

309 3556 383 3618 rata
408 3547 558 3637 scientia,
588 3546 640 3617 vel
665 3553 855 3641 exponatur
879 3544 920 3616 de
945 3545 988 3616 iis
1014 3546 1125 3635 rebus,
1152 3568 1194 3616 ex
1222 3547 1337 3642 quibus
1356 3571 1421 3619 non

261 3729 265 3734 ,
302 3635 547 3748 'cognoscamus
573 3671 614 3719 an
642 3648 797 3718 verba‘et
822 3669 912 3718 mons
938 3648 1111 3766 scriptoris
1137 3656 1227 3721 recte
1252 3649 1423 3720 intellecta

310 3750 376 3821 sint
405 3758 502 3846 atque
526 3757 733 3850 perspecta..¹

412 3848 483 3923 Sed
509 3852 661 3947 qnoniam
687 3850 796 3921 variae
822 3857 899 3920 snut
924 3855 958 3921 et
982 3848 1180 3945 multiplices
1198 3850 1343 3921 rationes
1368 3848 1423 3920 in-

310 3951 526 4050 terpretandi,
554 3952 696 4024 breviter
722 3951 937 4048 explicemus,
966 3953 1082 4047 quibus
1109 3953 1206 4023 rebus
1231 3952 1421 4047 interpretis

312 4058 519 4126 contineatur
551 4051 708 4126 officium.
774 4051 823 4124 Et
856 4054 1122 4149 quemadmodum
1151 4052 1315 4149 ‘quidquid
1348 4053 1421 4150 quis

308 4215 619 4227 -n--—--—-——

399 4303 428 4388 ²)
456 4307 509 4366 His
530 4312 625 4379 verbis,
646 4313 694 4378 sic,
715 4313 758 4384 pti
780 4329 838 4368 mm
859 4320 973 4386 oportet,
994 4313 1142 4384 intelliqot,
1163 4308 1228 4366 nihil
1250 4307 1346 4366 dictum
1363 4327 1421 4365 con·
1530 4315 1531 4370 J

248 4400 251 4406 ’
313 4391 395 4452 tandit
415 4385 581 4454 Boeclrhius.‘
614 4393 716 4472 Nempe
742 4415 794 4452 non
815 4393 911 4472 aliquid
932 4395 1016 4453 dicere
1036 4395 1120 4464 volui,
1149 4398 1210 4470 quia
1231 4411 1354 4471 quemque
1374 4411 1420 4470 pro

315 4497 364 4538 suo
385 4486 461 4555 captu
483 4481 557 4539 aliter
577 4479 674 4557 aliquid
694 4481 837 4558 intelligere
858 4479 949 4538 debere
969 4486 1048 4557 patet.
