3070 5048
404 310 409 320 ’
519 355 851 464 consumemini.
1176 357 1242 431 m

127 520 507 626 ἄντανὶονιζομίνσοςρ
521 519 687 612 τούτοις,
708 523 797 621 ἔφη,
821 525 906 608 τοῖς
921 522 1005 622 περὶ
1020 523 1065 602 τὸ
1081 525 1242 626 χρηστή·
1367 585 1371 594 .

72 687 74 695 2
112 654 230 725 -ριον,
263 623 318 707 οἷς
351 625 437 723 ἄρτι
465 623 553 708 τοὺς
584 627 654 710 ἔξω
679 629 824 701 Πυλῶν
854 620 998 710 πάντας
1017 625 1242 728 Ἓλληναςῆ

127 724 232 814 πόλις
261 723 558 828 κατοργιάζουσα
587 727 697 823 μέχρι
733 732 892 823 Τεμπῶν
921 725 1109 825 ἐλήλακεν·
1144 730 1169 828 ἢ
1199 757 1240 806 τι

126 827 201 932 γὰρ
225 827 404 924 ἱσταμένη
434 827 563 912 καλιὰς
587 830 757 906 ἐνταῦθα
787 825 871 926 περὶ
901 827 970 926 τὴν
994 829 1073 906 ἅλω
1097 830 1149 909 δι’
1179 825 1265 909 ἔνι-7

127 930 195 1008 νέα
220 933 316 1005 ἐτῶν
341 928 386 1004 οὐ
411 926 610 1028 φωλεώδης
633 937 702 1006 τοῦ
728 926 932 1027 δράκοντος
941 928 1038 1027 χειά,
1064 931 1157 1008 ἀλλὰ
1178 932 1242 1026 μί-

127 1045 243 1130 μημα·
265 1039 487 1128 τυραννικῆς
516 1029 541 1128 ἢ
573 1033 766 1133 βασιλικῆς
797 1031 899 1108 ἐστὶν
930 1029 1118 1130 οἰκήσεως·
1153 1033 1242 1132 iius

126 1132 222 1232 μετὰ
255 1140 359 1234 σιγῆς
392 1133 448 1206 ἐπ’
478 1131 597 1230 αὐτὴν.
628 1131 693 1212 διὰ
722 1140 791 1230 τῆς
823 1133 1098 1234 ὀνομαζομένης
1122 1134 1243 1212 δολιο-

126 1233 230 1318 νιίας
253 1232 401 1332 ἔφοδος,
425 1227 451 1332 ᾗ
463 1231 647 1310 Αλολδδαι
671 1233 739 1312 τὸν
764 1235 963 1333 ἀμφιθαλῆ
984 1233 1101 1333 κόρον
1123 1235 1243 1334 ἡμμέ-

127 1364 212 1420 ναις
236 1333 349 1432 δᾳσὶν
371 1337 519 1437 ἄγουσι,
544 1337 607 1412 καὶ
625 1332 921 1432 ’προςβολλλοντος
944 1336 990 1412 τὸ
1011 1346 1087 1436 πῦρ
1111 1347 1158 1436 τῆ
1177 1366 1243 1418 να·

128 1435 231 1514 λιδδι
246 1458 248 1464 ‘
262 1435 326 1512 καὶ
349 1435 421 1532 τῆν
444 1434 630 1531 τράπεζαν
655 1438 931 1534 ἀνατρέψαντες
950 1438 1244 1539 Διἰνοιιίστροκτοι

129 1533 312 1640 φεύγουσι
344 1535 408 1612 διὰ
431 1545 511 1614 τῶν
535 1541 672 1634 θυρῶν
695 1546 764 1614 τοῦ
788 1538 910 1635 ἱεροῦ·
945 1539 1010 1616 καὶ
1032 1546 1244 1618 τελευταῖον
1352 1562 1356 1570 ’

93 1645 96 1652 ’
155 1641 175 1670 (Ι
321 1635 331 1666 Ι
471 1639 481 1666 h
523 1637 536 1664 ἶ
677 1636 686 1666 Ι
747 1641 749 1646 ’
786 1646 803 1663 u
1049 1641 1057 1669 Ι
1214 1638 1224 1665 Ι

14 1727 18 1738 Ι
130 1669 172 1715 αι
194 1668 233 1713 τε
258 1646 398 1714 πλαναι
419 1667 483 1714 και
514 1669 537 1735 η
563 1646 712 1733 λατρεια
735 1666 805 1714 τον
829 1635 962 1730 παιδός
967 1695 980 1728 ,
1017 1644 1054 1715 οἱ
1075 1669 1116 1718 τι
1140 1668 1245 1742 γινο-

128 1739 343 1840 μενοικπερὶ
366 1737 415 1814 ool
436 1739 560 1841 Τέμπη
583 1739 790 1837 καθαρμοί,
815 1769 861 1838 μα
887 1737 980 1818 α’λον
1003 1739 1105 1826 τινὸς
1129 1743 1245 1844 ἄγους
1309 1764 1315 1775 ·

129 1841 194 1918 καὶ
218 1837 451 1938 τολμήματος
474 1839 644 1940 ὑποψίαν
668 1842 804 1937 ἔχουσι.
855 1769 962 1920 lomi
986 1843 1021 1920 iu
1043 1844 1095 1920 his
1112 1836 1246 1940 ᾗἈλο-
1326 1929 1331 1936 ,

128 1940 243 2019 λάδαι
274 1968 335 2042 pro
368 1946 533 2042 corruptis
565 1941 618 2039 μὴ
644 1939 751 2036 oilla
776 1940 831 2018 δι’.
889 1943 1079 2041 Hesychius
1112 1947 1245 2043 seipse
1279 1991 1285 2000 -

129 2055 325 2143 conopeum
357 2043 501 2133 Αλοδα,
534 2044 637 2142 παρὰ
660 2049 819 2142 Δελφοῖς
841 2044 948 2146 γένος
970 2074 1018 2120 τι.
1076 2045 1162 2124 Νοιο
1188 2047 1245 2145 qni

128 2172 291 2246 praeceps
315 2148 432 2244 reponi
456 2148 573 2220 iussitz
608 2138 699 2243 ᾗαὶ
716 2146 854 2224 Ὀλεῖαι
860 2201 873 2236 ,
907 2156 975 2224 tem
999 2147 1120 2224 testim
1147 2149 1245 2226 oculo

128 2249 346 2323 Plutarchum
370 2249 529 2345 inspexit,
555 2255 592 2321 ut
617 2273 683 2323 non
708 2249 828 2324 uiderit
852 2250 907 2322 uel
920 2250 1096 2346 partieipia
1114 2273 1247 2326 mascu-

129 2351 201 2426 lina
224 2351 413 2447 prohibere,
440 2373 489 2422 ne·
506 2349 662 2422 mulieres
688 2346 931 2447 Orchomeniae
956 2349 1110 2448 Delphos
1135 2360 1247 2427 trans·

130 2453 293 2526 ferantur.
345 2449 433 2541 Quid
458 2449 646 2546 significent
670 2450 875 2524 ceremoniae
900 2450 985 2523 istae
1015 2475 1082 2526 non
1107 2458 1160 2525 est
1185 2452 1247 2526 oh-

131 2578 278 2630 scurum.
328 2551 419 2624 Puer
450 2551 515 2625 iste
547 2550 707 2646 patrimus
741 2557 775 2624 et
805 2550 975 2624 matrimus
1002 2550 1073 2624 uico
1097 2551 1247 2648 iungitur

17 2691 21 2696 ·
131 2654 316 2750 Apollinis,
342 2652 477 2748 eiusque
502 2673 569 2724 nou
592 2649 710 2740 adulti,
735 2641 1043 2743 murmurosum,
1070 2651 1169 2728 cuim
1188 2661 1248 2728 ao·'

133 2756 225 2828 deun
241 2777 346 2850 nuper
377 2751 541 2825 conditam
573 2737 690 2823 dolose
723 2750 867 2849 ingrcssi
891 2751 1019 2848 Delphi
1050 2752 1245 2828 incendente
1373 2815 1376 2820 ,

132 2856 221 2930 unde
246 2855 407 2954 prologus
431 2877 526 2951 puer,
552 2861 726 2953 postquam
752 2853 877 2926 seruire
904 2861 1038 2928 coactus
1064 2861 1129 2946 est,
1157 2855 1247 2926 eirca
1334 2867 1340 2877 ’

134 2958 336 3032 Thessalica
361 2957 490 3053 Tempe
522 2956 702 3045 lustratur,
743 2964 907 3051 tamqnam
933 2977 953 3025 a
977 2955 1072 3052 graui
1098 2954 1247 3028 cuimine.
1391 3001 1396 3010 «

133 3059 316 3157 Euripides
341 3058 472 3156 quidem
491 3057 526 3130 in
541 3057 714 3131 Alcestide
728 3057 820 3130 illam
835 3055 1005 3153 Apollinis
1021 3056 1108 3154 apud
1121 3057 1248 3132 Adme-

135 3171 206 3235 tum
237 3159 427 3233 seruitutem
451 3160 491 3234 ah
517 3159 637 3232 occisis
657 3156 860 3254 Cyelopihus
886 3158 1028 3255 repetit:
1062 3158 1123 3232 sed
1146 3159 1248 3234 seho-

135 3263 251 3334 liastes
278 3261 348 3332 eins
373 3262 460 3353 inter
485 3260 568 3331 alias
593 3260 799 3332 narrationes
824 3261 909 3331 hanc
935 3283 1063 3356 quoque
1082 3259 1248 3355 antiquio·

14 3371 18 3378 ’
135 3380 207 3436 rem
233 3361 341 3452 allent,
368 3360 452 3457 quod
479 3368 617 3456 propter
640 3359 848 3431 intersectum
873 3356 1046 3454 Pythicum
1073 3359 1248 3433 draconem

135 3486 262 3564 poenes
287 3463 423 3534 seruitio
450 3459 595 3532 dederit:
623 3483 725 3557 caque
746 3485 812 3531 non
827 3459 1038 3531 dubitandum
1059 3461 1138 3555 quin
1153 3463 1248 3559 ipso-

136 3590 211 3638 rum
235 3565 335 3636 fuerit
350 3561 556 3660 Delphorum
581 3561 692 3658 opinio
718 3569 752 3634 et
777 3561 875 3634 loma.
925 3559 983 3634 Eu
1008 3561 1060 3632 his
1085 3561 1250 3659 intelligi·

137 3691 224 3759 mus,
250 3665 402 3762 repulsos
427 3665 467 3736 ab
492 3660 636 3760 Delphis
661 3685 741 3754 eos,
777 3663 833 3757 qui
857 3661 930 3736 illic
954 3651 1049 3736 sacra
1073 3661 1169 3736 huius
1194 3663 1251 3738 dei
1344 3675 1349 3679 ’
1491 3677 1494 3682 ·

140 3768 391 3857 constituerant,
417 3766 451 3838 i'n
469 3764 600 3861 Tempe
626 3787 663 3836 se
688 3764 869 3860 recepisse,
894 3771 991 3859 atque
1016 3762 1063 3834 ihi
1088 3764 1251 3862 aliquam-

141 3870 198 3942 uliu
230 3869 325 3942 deum
357 3892 451 3940 suum
483 3867 627 3940 misisse
652 3865 813 3962 permissu
839 3889 971 3956 eorum,
1010 3865 1065 3961 qui
1088 3866 1165 3940 loca
1188 3867 1250 3941 illa
1286 3955 1290 3960 .

141 3969 341 4042 incolebant.
375 3967 433 4056 xIol
454 3968 571 4064 colligi
587 3991 629 4039 ex
648 3991 687 4040 eo
707 3974 831 4064 potest,
857 3965 945 4062 quod
960 3965 1134 4059 Admetus,
1161 3966 1249 4065 apud

142 4095 239 4168 quern
261 4071 405 4144 sermsse
429 4069 554 4167 Apollo
581 4068 720 4162 dieitur,
748 4067 842 4142 ualde
867 4068 942 4166 plus
966 4067 1069 4144 fuisse
1093 4069 1249 4164 perhibe·

142 4180 211 4245 tor.
261 4169 367 4262 Quem
397 4195 460 4268 ego
488 4194 528 4244 ee
553 4178 669 4244 caussa
693 4178 843 4244 vocatum
875 4193 949 4244 esse
973 4169 1149 4244 Admetum
1173 4169 1249 4244 cui-

143 4275 262 4365 stimo,
288 4273 394 4368 quod,
421 4285 522 4370 quum*
543 4272 645 4346 ferret
669 4271 767 4344 alium
793 4271 888 4344 deum
913 4271 1059 4345 colentes
1066 4319 1079 4360 ,
1104 4294 1172 4342 non
1196 4278 1249 4342 ta-

145 4397 219 4448 men
241 4397 361 4472 passus
385 4383 475 4452 esset
498 4395 679 4448 suessona
696 4373 736 4444 ah
753 4372 823 4444 illis
837 4371 974 4469 expelli,
999 4369 1035 4442 id
1055 4369 1143 4464 quod
1158 4367 1248 4450 Del-
