3070 5048
459 339 463 349 ί
548 379 642 451 rans
662 389 879 454 mansion.
952 469 953 474 Ν
1001 373 1010 470 ᾗ
1206 392 1267 468 sn

236 533 292 626 ¹o‘l
314 547 352 624 δ’
381 541 633 662 ίξᾭριιηίης
659 545 853 650 ’Τοίηοίδος
875 552 1103 652 ὃριιηθέντες
1249 614 1253 644 ,

255 705 266 726 .
318 707 329 724 .
505 709 516 732 .
566 711 577 728 .
630 707 642 729 .
692 653 924 751 apotomae
949 663 1066 753 νήσον

226 750 417 852 Σικελίῃ,
444 753 537 870 ὅθεν
554 754 748 857 Ὀρτνγίοιι
771 764 890 834 πᾶσαι
913 746 1113 856 finiamus.

151 916 391 1018 Antiquissima
411 917 478 994 Ort
498 923 573 1020 gine
598 895 755 998 memoria
780 933 832 997 est
857 925 944 1024 apud
957 889 1151 1019 liemarum,
1176 929 1264 1026 opud

26 1135 27 1152 y
151 1046 246 1120 quem
272 1017 440 1098 Eumaeus
466 949 591 1121 (ddyss.
617 1021 707 1098 XV.
731 1029 820 1105 403.
846 1027 1057 1104 haecdicit:

243 1184 362 1319 fieris
385 1215 441 1273 τις
465 1191 588 1289 Συρίη
612 1189 856 1290 κεκλήσκειαι,
883 1197 917 1268 εἴ
939 1218 1013 1268 που
1039 1183 1199 1286 ἀκούεις,

257 1288 440 1392 Ορτογίης
463 1291 721 1390 καθώιερθεν,
748 1294 815 1370 ὅθι
839 1295 973 1389 τροπαὶ
996 1294 1145 1393 ἠελίοιο,
1249 1351 1253 1362 -
1279 1294 1283 1308 '

250 1391 331 1466 οὔτε
355 1393 583 1491 περιπληθὴς
605 1396 687 1492 λίην
711 1393 837 1486 τόσον,
865 1397 945 1471 ἀλλ’
973 1397 1103 1498 ἂγαθή
1128 1397 1211 1495 μέν,
1331 1407 1334 1418 “

249 1493 415 1590 εὔβοτος,
439 1496 609 1591 εὔμηλος,
636 1494 872 1593 οἰνοπληθής,
898 1493 1125 1596 πολύπορος·

248 1593 354 1691 πείνη
373 1594 417 1682 δ’
447 1597 580 1670 οὔποτε
604 1595 727 1694 δῆμον
752 1598 942 1697 ἒςὲρχεται,
968 1598 1059 1673 οὐδέ
1080 1627 1137 1683 τις
1160 1603 1252 1698 ἄλλη

198 1709 201 1726 ¹
248 1699 381 1779 νοῦσος
406 1698 463 1770 ἔπι
489 1699 646 1799 στυγερὴ
672 1699 815 1772 πέλεται
841 1698 991 1773 δειλοῖσι
1015 1702 1249 1796 βροτοῖσιν·

248 1797 327 1874 ἀλλ’
357 1797 416 1872 ὅτε
441 1797 654 1900 γηράσκωσι
678 1797 786 1875 πόλιν
800 1797 898 1877 κοίτου
916 1801 1005 1898 φῦλ’
1028 1798 1309 1896 ἀνθρώπων,15

246 1898 373 1975 stede
398 1897 644 2001 ἀργυρότοξος
661 1897 850 1976 Ἀπόλλων
866 1899 1052 2000 Ἀρτέμιδι
1078 1895 1157 1992 ξύν,

245 1997 302 2084 οἷς
325 2001 479 2104 ἀγανοῖς
501 1997 689 2107 βελέεσσιν
713 2000 947 2100 ἐποιχόμενος
970 2003 1210 2104 nonenoeane.

142 2168 242 2262 Quod
274 2171 438 2267 prolatum
453 2171 622 2262 uidimus,
663 2171 803 2269 τροπὰς
826 2170 960 2268 ἠελίοιο
985 2152 1142 2246 solarium
1169 2191 1261 2266 esse,

132 2271 231 2368 qnod
256 2271 465 2367 Pherecydes
491 2274 525 2344 in
545 2273 675 2368 Aegaei
700 2275 800 2345 maris
825 2274 934 2346 insula
951 2272 1037 2369 Syra
1064 2277 1257 2350 constituis-

13 2441 14 2444 ,
141 2383 214 2466 set,
250 2375 413 2468 uerbaque
446 2374 521 2469 ista·
538 2373 793 2445 additamentum
819 2398 892 2446 esse
919 2375 1060 2448 alicmns
1085 2375 1257 2471 rhapsodi,

138 2474 318 2546 iudicatum
333 2483 386 2546 est
402 2473 748 2546 inconsideratissime.
799 2474 906 2546 Recte
929 2474 994 2545 iam
1010 2473 1054 2546 F.
1071 2476 1117 2546 A.
1133 2475 1257 2549 Sclrle-

139 2576 250 2673 gelius'
281 2577 316 2647 in
348 2599 389 2648 ca
414 2573 508 2670 q¹nam
535 2575 576 2645 de
603 2573 808 2670 geographia
834 2574 970 2646 Homeri
1002 2576 1138 2671 scripsit
1163 2602 1256 2668 corr-

138 2677 341 2749 mcntatione
374 2701 410 2772 p.
435 2677 498 2750 62.
525 2697 620 2771 seqq.
646 2675 877 2766 intellexerat,
918 2676 1020 2770 louge
1045 2675 1194 2748 dissitam
1220 2688 1255 2750 et

138 2778 256 2876 paucis
281 2778 466 2852 homiuibus
491 2778 656 2874 cognitam
672 2776 843 2872 regionem
869 2777 909 2848 ab
927 2774 1075 2848 Enmaco
1097 2776 1253 2852 describi.

139 2879 234 2971 Quae
257 2879 447 2954 Homericis
473 2873 669 2952 carminibis
694 2878 839 2952 insertae
871 2886 948 2951 sunt
974 2887 1173 2950 remotarum
1196 2905 1254 2952 re-

138 2984 273 3079 gionum
299 2981 624 3056 commemorationes
650 3003 749 3077 quum
775 3004 818 3051 ex
844 2978 984 3052 diversis
1010 2987 1164 3076 acceptae
1184 2981 1252 3056 sint

136 3085 417 3182 peregrinantium
443 3082 698 3174 narrationibus,
724 3107 790 3154 non
816 3081 998 3154 mirandum
1019 3089 1120 3172 esset,
1145 3083 1177 3153 si
1194 3107 1253 3156 ea-

136 3185 212 3257 dem
237 3187 313 3258 loca
338 3185 477 3257 diversis
503 3185 686 3258 nominibus
713 3184 970 3280 appellarentur,
986 3190 1046 3274 nt,
1072 3207 1156 3278 quae
1171 3183 1251 3259 alibi

136 3285 225 3383 apud
240 3284 420 3358 Homerum
435 3285 619 3361 Tirinaeia
644 3294 708 3376 cst,
733 3285 768 3356 in
793 3308 858 3381 qna
883 3308 1004 3380 greges
1030 3285 1112 3356 solis
1131 3307 1250 3380 pasce·

135 3385 275 3478 dautur,
309 3387 365 3458 hic
390 3381 489 3480 Syria
514 3386 626 3458 vocari
650 3385 816 3482 potuerit,
852 3385 907 3456 cni
939 3393 974 3456 ct
1005 3384 1139 3481 τροπαὶ
1164 3387 1248 3460 istae

134 3484 269 3586 ἠελίοιο
294 3487 511 3579 conveniunt,
536 3511 689 3558 necnon
715 3494 826 3583 aptum
851 3493 903 3556 est
927 3507 1046 3557 nomeu
1072 3483 1246 3584 Ortygiae,

135 3614 238 3690 supra
270 3613 366 3687 quarn
399 3588 496 3660 sitam
526 3612 600 3660 esse
626 3585 758 3682 Syriam
790 3593 890 3682 poeta
922 3585 1015 3656 dicit.
1072 3585 1157 3668 Nam
1183 3591 1247 3662 etsi
1386 3657 1389 3669 .

134 3693 217 3767 satis
250 3692 350 3786 longe
382 3713 403 3760 a
434 3684 564 3786 tropico
597 3687 709 3762 caueri
734 3687 860 3760 circulo
885 3693 1012 3760 remota
1036 3697 1088 3758 est
1113 3685 1245 3784 Sicilia,

134 3802 245 3868 tamen
270 3793 343 3890 quis
369 3816 435 3865 uon
460 3790 590 3882 uideat,
622 3797 774 3887 poetam,
808 3787 931 3884 ignotis
964 3795 1033 3860 tum
1059 3813 1141 3886 quae
1168 3816 1245 3864 rere
1382 3871 1384 3876 ,

74 3983 77 3990 ¹
134 3897 283 3993 tropicae
308 3894 462 3990 regiones
488 3899 576 3982 sunt,
602 3916 670 3965 nou
693 3890 842 3988 potuisse
866 3889 932 3962 nisi
957 3889 1091 3986 opinata
1116 3885 1272 3968 deseri?

134 3991 240 4070 bere?
272 4003 329 4070 ont
355 3996 427 4092 quis
443 4018 509 4066 non
528 3994 707 4089 intelligat,
733 3992 886 4082 insulam,
914 4014 996 4088 qnae
1017 3991 1059 4064 ad
1077 3993 1243 4067 meridiem

134 4099 201 4172 sita
223 4099 385 4194 simrdque
409 4095 612 4169 fertilissima
637 4119 711 4167 esse
736 4090 976 4191 perhiberetur,
1002 4094 1171 4190 aptissime
1194 4097 1242 4168 ita

133 4200 315 4297 designari,
335 4209 372 4271 nt
384 4197 532 4272 calefieri
546 4197 676 4294 quidem
690 4197 911 4287 uehementer,
932 4219 994 4268 nec
1008 4202 1116 4267 tamen
1130 4198 1239 4288 exuri,
1491 4277 1494 4282 A

134 4302 256 4400 qnippe
287 4308 471 4374 revertente
503 4298 550 4372 ini
583 4297 675 4387 solo,
711 4290 902 4372 diceretur?
960 4296 1099 4368 Minimo
1130 4303 1239 4370 tamen
1285 4344 1294 4388 ¹.
1377 4307 1383 4324 '
1418 4391 1420 4396 ι

134 4403 198 4478 lroc
216 4427 279 4502 pro
298 4410 389 4478 certo
409 4401 589 4500 posuerim.
638 4396 1001 4488 aeneasannos,
1025 4393 1236 4493 Palmariam,
