3076 5046
189 337 193 348 ’
320 341 386 436 nni
540 372 592 434 nu
612 371 799 434 nnsnrm
817 369 1005 466 rnnunus
1026 335 1225 432 rnnnnnrs.
1319 373 1322 380 ¹

223 540 227 562 ¹
321 535 462 628 eludi.
497 537 675 636 Turnebus
692 539 788 642 ἔγνω
802 537 845 641 γ’“
859 529 1060 636 donodono.
1094 533 1143 609 V.
1152 541 1191 612 8.
1204 531 1314 608 Lan.
1328 535 1433 611 Rom.

319 635 401 714 ssd
422 634 636 734 ἀντόμοιον.
661 640 840 715 Turnebus
856 633 941 713 τάδ’
949 633 1180 733 ’ἀνθέμοιαι-
1201 636 1250 710 V.
1262 639 1304 714 9.
1321 637 1432 713 Luur.

318 739 420 814 Rom.
436 739 603 833 πέμπων,
619 742 713 844 γέλω
729 738 776 839 δή
788 767 844 836 με.
878 737 1222 834 ΤαοοοΙιοοΠέμπει,
1248 741 1366 841 λέγων
1383 737 1432 838 δὴ

318 840 432 937 τάμὰ.
483 843 673 918 Brunckius
705 869 748 918 cx
774 842 1023 942 Stephaniuna:
1057 840 1207 936 αέμπει,·
1239 840 1358 942 γέλων
1383 841 1429 916 ‹tl

317 942 431 1040 τάμὰ.
483 943 696 1020 Gaisicrdius
717 969 765 1020 eu
789 945 944 1020 Elmsleii
976 945 1169 1042 apographo
1202 942 1307 1017 edidit
1337 943 1431 1038 πέμ-

288 1073 397 1135 1που
431 1044 572 1148 γέλωτα
594 1043 645 1141 δή
669 1075 727 1143 με.
777 1045 827 1119 V.
848 1045 916 1123 10.
948 1045 1137 1143 brunckius
1163 1044 1253 1120 οὔτι.
1296 1043 1430 1122 v.13.

317 1145 426 1221 laur.
447 1145 578 1235 udone.
629 1148 723 1224 Idem
743 1157 777 1222 et
793 1148 868 1222 edd.
887 1155 961 1222 ante
977 1146 1244 1221 Gaislordianum
1265 1145 1430 1244 οχέθειν.

272 1327 276 1340 ,
317 1247 457 1325 V..15.
490 1249 703 1325 Gaislnrdius
736 1251 808 1324 sine
841 1244 919 1322 nota
945 1245 1140 1348 σφάζοιεν,
1176 1247 1266 1320 Edd.
1298 1249 1431 1345 priores

318 1347 504 1448 σφάξοιεν.
572 1351 704 1426 Deinde
739 1349 951 1426 Gaislordius
991 1345 1183 1447 κτήμασιν
1212 1349 1427 1446 βασιλικοῖς.

315 1451 467 1526 Romana
489 1448 659 1550 ,κτήμασι
688 1455 902 1552 βασιλικοῖς.
959 1452 1141 1526 Elnnsleius
1175 1451 1216 1523 ad
1241 1449 1337 1523 Med.
1364 1456 1428 1528 70.

315 1553 535 1658 legendum,
549 1556 668 1653 inquit,
684 1551 861 1654 σφάζοιεν
878 1557 959 1651 (vel
966 1554 1098 1656 potius
1116 1548 1310 1650 σφάξιιαν)
1328 1551 1428 1650 ἀμφὶ

64 1697 67 1708 ·
200 1747 202 1757 Α
314 1652 498 1752 κτήμασιν
521 1661 766 1755 τυραννικοῖς.
817 1657 950 1731 Minas
970 1667 1077 1730 reete
1093 1651 1321 1744 Brunckiuo
1341 1651 1427 1752 κτή-

314 1781 431 1853 μασιν
453 1760 531 1843 τοῖς
554 1759 769 1854 βασιλικοῖς.
819 1759 867 1832 At
893 1758 942 1830 sic
973 1758 1037 1829 iarn
1063 1755 1244 1844 Turnebus
1268 1781 1342 1828 curn
1357 1782 1427 1834 en·

313 1885 378 1956 que
404 1858 595 1957 Stephanus
621 1860 804 1936 ediderant.
861 1860 936 1932 Hos
963 1856 1146 1958 quindecim
1172 1882 1308 1947 uersus,
1343 1883 1425 1954 quos

194 2043 198 2066 ι
313 1961 376 2032 suit
403 1963 457 2056 qui
483 1963 601 2034 cornici
627 1963 766 2038 alicuius
792 1986 865 2034 esse
891 1968 1035 2057 putaret,
1060 1967 1151 2032 reete
1177 1957 1358 2032 Elmsleius
1384 1985 1425 2033 en
1457 2047 1459 2056 Ι

212 2132 214 2138 s
314 2086 409 2158 quem
436 2061 506 2146 dini
530 2063 606 2136 loco
633 2088 676 2136 ex
703 2063 840 2159 quadam
866 2062 947 2134 uidit
972 2062 1083 2133 fabula
1108 2060 1250 2157 satyrica
1276 2085 1427 2158 essepe-

312 2164 406 2235 titos.
457 2161 583 2250 Eorum
609 2165 650 2236 de
676 2165 791 2255 initio,
826 2163 914 2261 quud
939 2163 979 2234 ab
1004 2163 1157 2259 imperito
1184 2161 1320 2235 metrico
1346 2186 1427 2260 pes-

312 2265 394 2337 sime
420 2271 595 2338 tractatum
621 2274 684 2357 est,
712 2290 794 2362 qnae
821 2267 861 2338 ab
887 2259 963 2337 aliis
988 2266 1138 2362 prolatae
1160 2272 1237 2336 sunt
1254 2264 1426 2338 coniectu·

311 2390 384 2457 nae,
410 2365 543 2440 silentio
570 2367 744 2464 praeteriri
771 2368 874 2442 satius
901 2376 964 2439 est.
1015 2366 1069 2438 Ad
1094 2365 1179 2437 illud
1204 2389 1282 2438 uero
1306 2364 1427 2438 adrer-‘

311 2468 429 2540 lcndus
455 2469 594 2562 animus,
622 2469 709 2566 quud
733 2469 845 2566 inepte
871 2469 905 2540 in
931 2469 1030 2541 turtio
1048 2461 1146 2552 uersu
1171 2461 1347 2564 repetitum
1372 2471 1425 2540 est

309 2568 439 2670 γέρας,
475 2571 646 2644 aberrante
672 2571 808 2657 librario
834 2571 876 2642 ad
900 2569 1151 2667 praecedentem
1180 2593 1321 2641 uersum.
1381 2568 1424 2642 In

218 2673 223 2681 '
311 2681 427 2769 quarto
454 2696 551 2745 versu
576 2673 674 2745 facile
701 2673 892 2770 agnoscitur
917 2671 1075 2744 Triclinii
1101 2671 1154 2742 uel
1188 2670 1335 2767 quisquis
1360 2670 1424 2743 luit

309 2775 431 2846 rnalurn
456 2773 710 2850 additamentum
736 2771 863 2852 adnot:
900 2798 943 2847 ex
979 2797 1042 2869 quc
1069 2772 1189 2846 coniiei
1207 2783 1346 2868 potest,
1379 2770 1422 2846 τὸ

308 2871 358 2970 δὴ
384 2874 541 2972 explendi
567 2876 748 2973 superioris
777 2900 888 2948 uersus
915 2865 1032 2947 caussa
1056 2897 1117 2971 pro
1145 2872 1164 2946 ὃ
1191 2871 1238 2968 δὴ
1263 2873 1422 2971 scripturn

294 2969 410 3049 ‚esse.²
446 2971 646 3068 Rectissime
671 3000 750 3050 uero
777 2977 907 3049 dicturo·
924 2971 971 3072 δή
996 3001 1050 3076 pe,
1077 2975 1117 3048 de
1141 2976 1257 3071 quibu's
1274 2977 1424 3072 particu-

256 3157 260 3166 Δ
307 3078 352 3150 lis
378 3079 519 3174 exposui
544 3079 585 3149 ad
611 3077 733 3174 Eurip.
758 3077 835 3174 lplr.
854 3077 960 3150 Taur.
988 3079 1076 3152 917.
1125 3073 1352 3172 Consequitur
1377 3101 1421 3148 ex

306 3179 360 3250 luis
381 3178 496 3252 'versui
521 3180 619 3263 tertio
646 3180 762 3280 pedem
770 3180 907 3252 ·1deesse.
958 3176 995 3251 Is
1015 3177 1178 3275 quouiodu
1196 3179 1420 3250 restituendus

201 3293 207 3306 ‘
307 3280 352 3354 sit
377 3281 520 3354 danari
544 3290 655 3378 potest
679 3289 817 3380 propter
839 3282 900 3352 illa
927 3305 1009 3380 quae
1035 3289 1229 3377 sequuntur.
1279 3280 1331 3352 Ac
1353 3305 1420 3352 non

305 3383 463 3474 rnlrurer,
497 3384 527 3456 si
553 3384 646 3480 quis,
683 3384 759 3480 quia
785 3381 867 3458 nilril
894 3383 934 3459 de
961 3405 1046 3458 eona
1078 3383 1236 3478 scripturn
1263 3381 1420 3477 legimus,

72 3563 74 3570 ,
305 3483 395 3558 lnunc
417 3493 549 3585 poetam
574 3509 694 3558 ιοοοοα
719 3485 887 3556 humerum
912 3509 973 3581 pro
990 3485 1120 3556 taurino
1137 3484 1271 3558 missurn
1292 3483 1421 3556 dixisse

216 3603 224 3621 '
273 3631 279 3643 ·
305 3581 440 3685 Oedipo
465 3594 609 3684 putaret,
636 3589 732 3684 quenl
755 3587 815 3658 ille
841 3609 939 3682 quurn
964 3583 1172 3658 contrectans
1191 3585 1298 3656 rninus
1316 3607 1423 3680 grun-

210 3718 215 3726 ’
306 3687 380 3761 dem
405 3711 468 3762 nec
492 3713 606 3786 parem
630 3689 762 3762 taurino
786 3689 968 3779 inueniret,
995 3711 1114 3762 vacuae
1140 3711 1214 3760 esse
1238 3687 1421 3758 intellexe-

304 3789 369 3864 1it:
403 3787 502 3888 idque
528 3815 607 3863 sane
638 3790 795 3863 facillime
829 3786 1017 3863 efficeretur
1040 3789 1189 3886 reposito
1219 3789 1255 3859 in
1274 3811 1421 3860 uacuum

303 3891 422 3989 pedern
447 3886 601 3989 ταύρου,
627 3892 691 3964 lnoc
711 3891 828 3964 rnudor
860 3886 1003 3987 ταύρου
1022 3887 1197 3988 περισσὸν
1214 3884 1332 3983 ὦμον,
1358 3889 1421 3962 έκ-

233 4049 236 4060 .
295 4013 433 4090 ,κριτον
456 3990 581 4092 γέρας·
597 4049 599 4054 -
616 3991 661 4068 ὃν
685 3987 738 4088 δή
758 4020 801 4094 ys
823 3988 1077 4094 συγκόψαντες
1100 4031 1149 4050 ·—-
1175 3989 1260 4070 ἀνιὶ
1275 3997 1344 4065 τοῦ
1357 4017 1420 4064 κε-

303 4093 492 4190 κομμένου
517 4092 733 4190 ἐπέμψαμεν
755 4089 898 4191 βόειον·
932 4103 1072 4192 apteque
1105 4118 1145 4164 en
1174 4092 1292 4164 referri
1322 4091 1419 4164 vide·

256 4200 399 4272 l4rctur
421 4197 456 4267 in
481 4196 692 4290 sequentibus
716 4193 802 4269 τάδ’
831 4189 1034 4289 ἀνθόμοια.
1086 4192 1174 4266 Sunt
1198 4201 1306 4266 tannen
1332 4215 1417 4290 quus

303 4298 387 4372 lruec
411 4297 469 4370 uix
494 4297 661 4394 patiuntur
684 4320 748 4395 pro
770 4297 859 4369 ueris
886 4291 1034 4367 lnalreri.¹
1070 4293 1218 4368 Primum
1243 4296 1330 4384 enirn
1354 4319 1418 4366 ne-

304 4425 368 4496 que
391 4398 429 4479 iu
453 4399 569 4472 arun·
589 4399 804 4487 scholiastae
824 4395 1002 4494 quidquam
1018 4404 1094 4490 est,
1114 4421 1173 4484 ,ex
1206 4421 1271 4494 quc
1298 4396 1415 4494 colligi
