3086 5050
300 333 365 402 ³02
572 345 623 406 DE
643 343 889 444 merolanam
911 341 1138 406 eurumdem

303 501 633 584 contemnanus
664 511 787 608 εὐρεῖα
818 507 961 612 γίνεται
992 509 1136 607 positum
1170 529 1244 582 essa
1276 531 1341 606 pro
1371 533 1413 582 eo

305 603 392 698 quod
418 608 517 679 scribi
544 611 682 688 debebat
700 613 829 711 εὐρεῖα·
843 610 1044 714 γεγένηται.
1094 609 1203 684 Porro
1226 633 1324 706 quam
1340 611 1416 707 ple-

303 704 398 800 rique
424 707 572 786 lecerunt
596 714 732 788 formam
758 714 891 813 oppidi,
928 714 991 786 alis
1022 713 1058 784 in
1082 714 1237 808 angblum
1262 713 1417 786 cocunti-

210 873 218 894 χ
304 805 379 897 bus,
405 832 472 882 non
496 812 599 888 fuisse
625 817 724 888 talem
748 818 798 890 vel
815 841 854 890 eo
875 815 1085 911 intelligitur,
1112 813 1200 910 quod
1216 812 1416 906 Pausanias,

305 907 335 978 si
355 910 510 1006 oppidum
527 939 600 988 curn
617 919 748 1014 portion
764 918 910 1015 Agnapti
929 918 1073 1014 speciem
1086 915 1291 1014 praebuisset
1306 916 1419 988 triau-
1530 933 1531 938 ’

303 1009 395 1104 guli,
428 1011 612 1114 τρίγωνον
637 1022 748 1116 potius
774 1021 933 1110 dixisset,
969 1042 1065 1115 quam
1091 1023 1313 1114 comparasset
1337 1042 1417 1090 curu

302 1134 404 1206 prora
429 1118 534 1208 navis.
584 1118 842 1196 Euideutissime
868 1129 975 1194 autern
1000 1144 1044 1192 cx
1069 1119 1125 1210 iis,
1152 1142 1234 1215 quae
1259 1118 1347 1191 libro
1364 1118 1417 1192 V.

217 1255 218 1262 κ
306 1214 366 1302 15,
393 1215 430 1292 5.
457 1219 494 1292 6.
521 1219 620 1313 dicit,
653 1224 851 1320 intelligitur
876 1247 961 1296 novo
987 1217 1145 1319 'proiectu
1169 1221 1261 1299 illam
1286 1227 1417 1316 partem

303 1315 446 1388 aedilicii
480 1345 562 1416 quac
588 1332 729 1396 rostrum
756 1325 934 1398 vocabatur
957 1323 1188 1420 prominuisse.
1240 1319 1302 1395 Sic
1328 1322 1416 1396 euim

303 1420 437 1492 scribit:
473 1422 514 1494 ἐν
540 1420 580 1495 dd
605 1432 682 1499 τῶν
706 1426 830 1502 ἵππων
855 1433 899 1522 πῇ
919 1423 1058 1523 ἀφέσει,
1085 1426 1126 1497 ἐν
1142 1420 1212 1518 μὲν
1231 1429 1286 1520 τῷ
1302 1420 1417 1496 ὑπαί-

302 1521 390 1616 θρῳ
422 1527 486 1616 τῆς
519 1523 683 1621 ἀφέσεως
714 1525 810 1602 κατὰ
842 1527 956 1620 μέσον
980 1553 1054 1600 που
1084 1519 1245 1620 μάλιστα
1278 1528 1418 1598 Ποσει-

302 1617 423 1706 δῶνος
446 1623 574 1699 ἱππίου
600 1626 663 1702 καὶ
678 1627 797 1725 Ἥρας
822 1631 914 1703 cloio
939 1626 1066 1710 ἱππίας
1089 1623 1228 1722 βωμοί,
1256 1624 1349 1720 πρὸς
1374 1623 1416 1700 dd

303 1729 357 1819 τῷ
382 1720 479 1801 κίονι
503 1725 758 1826 Διοςκούρων,
792 1737 856 1826 τῆς
889 1727 930 1804 dd
956 1727 1046 1825 πρὸς
1069 1725 1137 1804 τὸν
1161 1727 1324 1822 ἔμβολον
1347 1755 1418 1800 πα-

303 1824 482 1922 λουμένης
506 1827 634 1912 dedoleo
658 1839 703 1928 τῇ
729 1830 799 1928 μὲν
815 1833 950 1930 Ἄρεως
973 1826 1121 1926 ἱππίου,
1153 1836 1199 1924 τῇ
1231 1825 1273 1902 dd
1300 1829 1418 1924 Ἀθη-

275 1933 373 2008 ·νᾶς
396 1926 524 2012 ἱππίας
547 1929 688 2026 βωμός.
738 1936 776 2016 ἐς
807 1931 848 2006 dd
880 1930 997 2008 αὐτὸν
1028 1929 1096 2006 τὸν
1128 1931 1291 2026 ἔμβολον
1323 1933 1418 2014 deel-
1531 1987 1532 2008 t

303 2022 458 2103 θόντων
495 2027 613 2128 Τύχης
633 2033 745 2135 Ιἐστὶν
777 2034 926 2135 ἀγαθῆς
957 2031 1087 2130 βωμὸς
1117 2030 1182 2107 καὶ
1215 2027 1347 2115 Πανός
1375 2059 1416 2106 τε

302 2124 367 2202 καὶ
393 2127 631 2228 Ἀφροδίτης,
667 2131 855 2209 ἐνδοτάτω
886 2132 928 2210 dd
960 2142 1028 2210 τοῦ
1061 2129 1224 2231 ἐμβόλου
1249 2140 1416 2231 νυμφῶν
1503 2205 1505 2212 .

303 2226 348 2312 ἃς
373 2227 541 2327 domnonia
564 2241 752 2312 καλοῦσιν.
804 2236 931 2310 Habuit
955 2237 1059 2334 igitur
1074 2246 1218 2310 rostrum
1236 2260 1330 2309 suurn
1350 2235 1415 2308 sibi

303 2332 474 2428 proprium
499 2335 689 2429 introitum,
723 2338 850 2437 luitque
883 2340 965 2416 satis
990 2339 1153 2436 amplum,
1185 2338 1233 2409 ita
1266 2347 1303 2409 ut
1328 2336 1415 2408 baud
1531 2339 1532 2350 ³

304 2433 427 2530 exiguo
460 2436 634 2511 interuallo
668 2444 813 2537 separati
847 2441 990 2534 luerint,
1030 2441 1087 2536 qui
1120 2439 1265 2537 proximi
1297 2439 1339 2510 ab
1373 2463 1415 2512 eo
1531 2479 1532 2500 i

304 2545 399 2608 crant
424 2560 588 2614 carceres.
638 2542 749 2638 Atque
775 2543 837 2616 bac
862 2550 956 2640 parte
973 2544 1083 2616 uerior
1099 2551 1151 2614 est
1168 2540 1308 2614 Folardi
1329 2541 1416 2614 alio-

215 2711 219 2722 ,
305 2637 382 2732 quin
409 2635 549 2712 absurda
576 2643 690 2739 oppidi
715 2646 857 2741 pictura,
885 2668 981 2741 quarn
997 2669 1041 2716 eu
1056 2643 1273 2716 Bartbelemii
1287 2641 1414 2716 Itinere

303 2739 540 2814 Auacbarsidis
566 2745 620 2816 vel
645 2747 740 2841 pueri
766 2747 932 2842 cognitam
946 2745 1079 2818 babent.
1131 2746 1224 2837 Quae
1242 2745 1283 2814 ab
1304 2753 1414 2818 rostro

303 2842 376 2916 alae
402 2841 444 2913 ad
468 2843 615 2941 Aguapti
646 2849 809 2944 porticum
834 2848 1061 2944 pertinebant,
1096 2847 1155 2918 alii
1180 2846 1327 2943 paullum
1353 2871 1416 2918 cx·

162 2939 165 2946 ’
218 3005 219 3010 ,
304 2942 427 3034 terius,
460 2941 592 3018 Hirtius
625 2948 762 3022 interius
788 2960 939 3022 curuatas
956 2973 1038 3022 ¹csse
1067 2949 1182 3021 voluit.
1232 2946 1327 3024 Nihil
1351 2949 1416 3020 bu-

304 3044 446 3118 iusmodi
470 3048 588 3120 scribit
600 3047 796 3142 Pausanias,
822 3059 860 3123 ut
883 3057 976 3124 recta
1000 3051 1204 3146 processisse
1231 3049 1413 3122 rideantur.

405 3146 633 3237 Quaerendum
660 3175 746 3224 nunc
763 3161 827 3243 est,
854 3152 910 3223 ubi
932 3152 1031 3224 situm
1047 3152 1148 3224 luerit
1162 3150 1328 3249 oppidum.
1370 3149 1415 3222 ld

169 3263 173 3276 ‘
212 3331 218 3342 μ
305 3245 458 3342 quoniam
483 3249 603 3322 dictum
630 3251 832 3326 aPausania
856 3279 923 3326 nou
947 3261 1011 3345 est,
1039 3254 1155 3349 colligi
1176 3253 1274 3326 debet
1294 3276 1339 3324 ex
1358 3276 1416 3324 ra-

306 3349 396 3420 tione
428 3375 492 3446 qua
524 3354 735 3456 mittebantur
767 3357 853 3452 equi.
904 3353 1138 3428 Excurrebant
1169 3363 1279 3427 autem
1302 3354 1415 3452 primi,
1532 3363 1533 3422 3

198 3485 203 3500 ·
306 3451 362 3546 qui
394 3453 556 3549 utrimque
588 3458 825 3546 remotissimos
859 3458 899 3528 ab
931 3465 1041 3530 rostro
1067 3481 1216 3530 carceres
1243 3464 1413 3530 tenerent:

306 3552 362 3648 qui
387 3578 494 3650 quum
510 3559 679 3652 progressi
705 3568 816 3631 esseut
851 3558 892 3632 ad
917 3559 1140 3655 proximorum
1167 3559 1207 3630 ab
1234 3583 1271 3630 se
1297 3559 1415 3632 statio·

305 3677 391 3745 uem,
417 3655 453 3726 bi
478 3658 701 3750 mittebantur,
723 3668 764 3737 ¹et
789 3661 838 3734 sic
856 3660 1018 3757 deinceps
1044 3685 1168 3753 omues,
1195 3668 1413 3756 utpostrcnro

305 3763 381 3826 ante
407 3765 548 3831 rostrum
574 3785 685 3833 ornnes
712 3770 947 3858 aequarentur:
981 3762 1068 3858 quod
1095 3787 1160 3835 uon
1185 3763 1414 3859 potentaliter

305 3856 470 3953 intelligi,
511 3886 607 3957 quarn
639 3863 704 3934 ista
729 3864 879 3937 mittendi
910 3865 1038 3936 ratione
1064 3865 1216 3937 effectum
1242 3888 1340 3957 esse,
1377 3869 1415 3934 ut

306 3957 446 4055 denique
472 3987 584 4036 ornnes
609 3989 674 4042 uuo
701 3965 815 4038 ordine
840 3967 989 4057 iunctim,
1015 3966 1118 4039 veluti
1139 3966 1260 4038 milites
1275 3966 1312 4037 in
1329 3965 1414 4056 acie,

207 4053 211 4066 ⁸
306 4062 594 4159 conspicerentur,
629 4068 767 4164 ipsoque
799 4068 833 4137 in
865 4067 960 4142 initio
995 4068 1186 4142 certationis
1210 4067 1322 4140 nullus
1348 4067 1414 4138 alio

307 4174 396 4236 esset
420 4166 596 4260 posterior.
655 4168 834 4260 Quaerenti
859 4192 936 4259 cur,
973 4171 1002 4240 si
1034 4170 1145 4244 cuncti
1176 4169 1275 4240 sinuul
1300 4167 1416 4266 prodi·

187 4301 195 4326 .
306 4263 397 4356 bant,
422 4290 487 4338 nou
514 4266 612 4340 etiarn
638 4293 786 4342 carceres
813 4293 924 4342 omnes
945 4271 1080 4344 iunctim
1100 4270 1263 4344 exstructi
1279 4271 1414 4360 luerint,

285 4378 374 4446 7non
400 4367 495 4440 video
522 4369 598 4464 quid
624 4363 816 4467 responderi
839 4371 967 4469 possit,
992 4373 1055 4450 uisi
1081 4373 1168 4448 forte
1192 4384 1330 4470 propter
1352 4394 1417 4471 pa·
