3084 5050
445 377 496 447 Did
516 383 664 448 OFFlCiO
686 385 960 506 munerans
1047 418 1054 430 ·
1188 385 1251 454 123

381 557 550 680 χαῖρε·
565 551 650 629 τόδε
665 552 735 646 μὲν
749 553 844 631 κατὰ
863 554 1074 630 Φοίνισσαν
1087 555 1252 651 ἐμπολὰν

240 651 392 747 μέλος
371 653 462 748 νπὲρ
488 662 616 740 πολιᾶς
641 655 728 740 ἁλός
751 659 946 750 πέμπεται

237 753 281 828 τὸ
306 751 532 853 Καστόρειον
554 756 639 832 δ”
624 785 665 833 εν
688 757 899 887 Λλολόόισσι
919 756 1077 858 χορδαῖς
1101 760 1226 834 aeter

240 853 486 984 ἅθρησον’
434 885 548 954 χαριν
574 855 842 936 ἑπτακτύπου

240 954 449 1062 φόρμιγγος
472 951 685 1057 ἀντόμενος.

137 1105 347 1188 scholiastes
389 1138 486 1210 quum
517 1103 697 1186 Pindarum
731 1121 844 1187 narrat
875 1111 1026 1186 mercede
1058 1121 1156 1212 pacta
1187 1113 1252 1186 boc

138 1235 270 1284 carmen
295 1215 438 1308 mittere,
465 1213 659 1306 Castoreum
685 1213 807 1316 autem,
834 1216 921 1313 quod
938 1216 1157 1312 byq'mrcbcma
1178 1213 1252 1288 iue-

69 1375 71 1378 .
135 1312 196 1404 rit,
222 1316 327 1410 gratis
352 1317 528 1390 missurum
553 1318 676 1410 dicere,
702 1319 815 1416 inepta
832 1317 1008 1390 tradere
981 1343 1067 1389 ursus
1082 1326 1146 1406 est.
1179 1315 1253 1390 Ita-

138 1439 202 1512 que
230 1440 328 1510 quum
353 1419 411 1489 alii
438 1419 505 1490 alio
531 1420 763 1512 coniecissent,
789 1419 869 1491 mihi
895 1419 973 1492 olim
999 1443 1063 1492 non
1090 1419 1154 1492 duo
1176 1442 1253 1493 car·

136 1517 227 1588 mina
254 1515 412 1643 distingui
437 1519 649 1611 ridebantur,
690 1520 749 1592 sod
779 1519 845 1592 boo
876 1544 975 1591 unum
1008 1543 1138 1593 carmen
1172 1519 1252 1612 dici,

136 1617 187 1689 ita
213 1628 250 1688 ut
273 1613 359 1714 τόιλε
384 1617 492 1714 μέλος
516 1620 674 1738 scriptum
701 1645 830 1693 carmen
852 1619 1080 1718 significaret,
1106 1615 1149 1694 τὸ
1175 1625 1254 1694 Κα-

139 1709 340 1814 στόρειον
339 1733 447 1797 autem
479 1722 551 1820 ipse
583 1723 732 1794 incessus
766 1722 859 1794 ebori
892 1729 999 1822 esset,
1034 1745 1164 1793 carmen
1190 1722 1255 1796 boo

138 1818 323 1914 Syracusas
349 1824 575 1898 transmissum
601 1824 761 1896 canentis.
812 1821 861 1896 Et
891 1830 1032 1919 possunt
1057 1846 1155 1914 sanc,
1190 1824 1264 1898 boc.
1360 1899 1365 1912 x

137 1921 235 1994 modo
262 1949 291 1995 sr
281 1923 550 2024 intelliguntur,
578 1925 686 1998 omnia
707 1926 748 1996 ad
767 1925 832 1999 boc
853 1948 950 1997 unum
966 1946 1097 1996 carroco
1115 1923 1252 1996 referri.
1253 1967 1259 1988 ι

138 2047 206 2096 uon
237 2036 394 2122 possunt,
435 2027 466 2100 si
490 2029 559 2119 sic,
599 2035 637 2116 ut
669 2027 773 2100 visum
805 2035 858 2100 est
884 2027 971 2099 aliis.
1031 2023 1078 2098 Et
1104 2025 1253 2099 Dissenii
1305 2117 1308 2124 Ι

140 2125 270 2221 quidem
311 2130 564 2226 explicationem
611 2130 715 2202 satius
755 2129 839 2204 duco
881 2127 1014 2202 silentio
1056 2130 1252 2225 praeterire.

138 2223 304 2300 Boecbbii
330 2239 437 2302 autem
462 2231 705 2326 interpretatio,
732 2232 787 2326 qui
812 2230 855 2304 τὸ
880 2224 1108 2324 Καστόρειον
1130 2255 1253 2302 meram

139 2329 369 2425 repetitionem
395 2356 468 2404 esse
494 2340 608 2428 putat,
644 2333 902 2428 sententiamque
935 2331 987 2404 bis
1013 2331 1122 2403 verbis
1148 2357 1254 2404 enun-

140 2430 228 2502 ciat:
268 2431 445 2524 τιέμιιεται
475 2459 546 2528 μιν
576 2427 662 2505 udde
695 2430 846 2525 μελος“
825 2459 916 2527 cosp
943 2425 1048 2518 ἁλός,
1082 2431 1255 2527 ἄθρησον

140 2528 182 2604 ds
206 2529 250 2604 τὸ
264 2528 503 2628 Καστόρειον,
528 2534 662 2627 linguae
686 2533 815 2627 legibus
829 2556 935 2627 repug
916 2532 1068 2628 ο.ιιιιι“)
1109 2532 1254 2604 Diversa

141 2631 345 2728 distinguere
359 2633 539 2714 Pindarmn
564 2634 638 2704 luce
666 2634 787 2704 elarius
814 2640 875 2702 est.
921 2631 1137 2727 Quumque
1114 2657 1157 2702 rus
1174 2655 1254 2704 usus

141 2731 187 2804 sit
213 2734 335 2825 verbis,
362 2744 399 2804 ut
424 2735 464 2806 de
492 2733 618 2806 duobus
644 2733 840 2804 carminibus
857 2733 949 2829 loqui
968 2729 1127 2823 videatur,
1155 2733 1256 2804 sobo-

141 2835 260 2906 liastae
287 2836 454 2909 adnotatio
479 2861 546 2908 uon
572 2839 624 2908 cst
650 2844 771 2908 temere
790 2834 985 2932 spernenda.
1036 2831 1121 2907 Nam
1143 2842 1177 2906 et
1194 2859 1256 2930 pe-

143 2938 271 3010 cuniam
296 2939 465 3057 accepisse
497 2945 613 3034 poetas
645 2963 737 3034 pro
740 2936 926 3010 buiusmcdi
951 2937 1147 3064 carminibus
1173 2936 1255 3008 sutis

143 3047 293 3132 onomat,
330 3042 516 3168 optimeque
542 3029 744 3112 conveniunt
768 3039 800 3112 ei
825 3041 876 3111 rci
901 3033 1002 3130 boec,
1038 3035 1135 3112 κατὰ
1162 3035 1257 3130 Φοί-

143 3137 478 3246 νιοσανέμιιολόν,
504 3143 765 3239 necquidquam
791 3140 941 3238 impedit,
969 3141 1045 3237 quin
1072 3140 1162 3212 aliud
1180 3163 1256 3212 car-

106 3323 110 3326 ,
144 3266 217 3316 men
250 3245 354 3340 gratis
388 3241 518 3316 mittere
550 3247 697 3341 potuerit
721 3242 900 3315 Pindarus.
952 3243 1091 3334 Quini
1088 3243 1194 3316 coisse
1220 3241 1256 3314 id

145 3368 217 3417 eum
243 3355 334 3440 tanto
361 3345 431 3416 veri
457 3345 595 3416 similius
622 3354 693 3432 est,
728 3351 848 3441 quanto
882 3347 1067 3440 graviorem
1093 3367 1256 3435 caussam,
1293 3387 1297 3406 ι

27 3471 28 3482 ’
144 3456 181 3518 ut
205 3445 349 3537 faceret,
376 3445 527 3517 babebat.
578 3444 671 3546 Ex
661 3470 735 3542 rpso
761 3446 848 3517 enim
873 3446 977 3518 bocce
1003 3445 1147 3517 carmine
1174 3445 1256 3518 satis
1384 3457 1391 3472 '

112 3549 117 3558 '
145 3558 295 3646 apparet,
314 3548 522 3619 vehementer
534 3540 605 3618 cum
622 3547 837 3626 calumniatos
854 3546 941 3642 apud
954 3519 1134 3618 Hieronem
1152 3547 1255 3642 fuisse

145 3650 385 3722 obtrectatores
412 3673 502 3720 suos.
552 3647 671 3742 Itaque
698 3646 775 3742 quid
800 3647 1023 3765 probabilius,
1050 3671 1146 3742 quam
1174 3673 1256 3768 ope-

145 3773 214 3824 ram
240 3776 314 3823 enrn
340 3749 482 3842 dedisse,
509 3758 558 3840 ut,
585 3749 780 3843 simulatque
797 3747 934 3826 vicisset
951 3749 1069 3839 Hiero,
1096 3749 1256 3822 nuncians

147 3853 336 3943 victoriam,
373 3852 479 3947 primo
512 3877 549 3922 sc
583 3847 774 3922 defenderet
806 3849 962 3922 adversus
989 3849 1123 3928 ,invidos
1155 3850 1255 3942 illem

67 3977 69 3986 ¹
147 3980 217 4049 quo
238 3965 344 4028 autern
370 3952 474 4049 magis
499 3952 623 4024 labanti
650 3952 777 4050 gratiae
804 3976 883 4024 snae
901 3962 1122 4045 succurreret,
1143 3953 1254 4049 ipsam
1312 3987 1322 4012 ι

147 4058 305 4130 victoriae
337 4055 467 4128 laudem
489 4055 653 4150 singulari
679 4053 821 4128 carmine
848 4079 885 4128 rc
910 4055 1150 4158 celebraturum
1174 4079 1258 4152 pro-

146 4233 451 4249 -μ

233 4343 279 4427 ¹⁴)
308 4346 376 4405 Mire
402 4354 537 4424 argutantur
556 4341 719 4417 Boeekhius,
745 4353 775 4403 ut
802 4363 831 4406 se
852 4345 987 4406 deiendatc
1022 4365 1072 4423 quc
1100 4345 1184 4404 fusior
1203 4346 1255 4402 isla
1301 4381 1303 4384 -

150 4433 265 4492 defensio
287 4439 335 4502 est,
357 4450 387 4490 εο
409 4432 438 4489 fit
458 4433 599 4504 obscurior,
620 4449 701 4508 eoque
721 4430 837 4489 debilior.
880 4477 883 4484 .
