3070 5048
403 353 454 416 nn
475 353 662 450 sueonum
682 343 967 416 rsrceosmsm.
1175 347 1239 417 sss

132 519 273 618 denique
296 507 434 618 prorsus
458 521 573 592 mirum
600 529 663 613 est,
690 521 778 618 quod
802 522 932 595 tertiam
949 519 1153 618 tragoediam
1167 518 1240 592 Ne-

126 617 240 695 reides
265 623 368 695 luisse
393 630 557 714 autumat,
583 647 649 695 non
674 623 765 695 illam
792 624 941 720 quidem,
978 647 1060 719 quae
1085 623 1150 693 isto
1176 647 1237 692 no·

131 725 218 796 mine
244 749 316 796 cum
341 721 603 818 Myrmidonibus
629 725 802 797 coniuncta
825 725 937 817 fuerit,
964 725 1021 797 sed
1049 723 1158 814 aliam,
1185 721 1240 796 cui

126 825 218 898 idem
244 825 330 922 qood
356 826 408 896 illi
432 850 549 900 nomen
564 826 889 921 leceritAescbylus.
940 825 981 897 Id
998 826 1126 922 quidem
1141 849 1239 920 quum
1322 849 1326 856 ·

130 951 192 1024 per
224 951 260 999 se
282 927 337 998 sit
368 927 580 1020 incredibile,
616 936 683 999 tum
716 923 818 1000 multo
851 927 1075 1001 incredibilius
1109 935 1159 998 est
1184 951 1238 1017 eo,

125 1028 218 1124 qood
244 1027 449 1124 Aeschylus,
484 1029 514 1101 si
546 1054 587 1102 eu
622 1029 722 1102 oboro
745 1029 851 1102 ‘funus
876 1030 1019 1102 Achillis
1053 1028 1238 1124 celebrante

124 1135 249 1201 ‘nomen
273 1130 383 1201 faeere
408 1131 598 1227 tragoediae
623 1132 802 1222 uoluisset,
835 1131 953 1203 Musas
979 1154 1049 1203 eam
1072 1130 1239 1226 appellas-

131 1239 197 1321 set,
224 1231 352 1327 quaudo
369 1231 490 1304 Musae
514 1234 548 1305 iu
574 1233 685 1305 tabula
703 1229 810 1306 Iliaca
835 1233 939 1324 solae,
966 1232 1052 1331 apud
1064 1231 1237 1321 Arctinum

131 1341 238 1412 autem
272 1333 480 1405 consociatae
513 1359 583 1406 cum
616 1333 813 1407 Nereidibus
838 1335 1004 1406 Acbillem
1035 1335 1168 1429 lugent:
1203 1332 1240 1404 in

127 1456 197 1528 quo
221 1433 379 1506 Arctinus
406 1434 534 1507 videtur
559 1436 707 1508 ultimum
734 1434 905 1531 Odysseae
937 1435 1055 1506 librum
1082 1441 1240 1531 sequutus

129 1557 219 1626 osse,
246 1535 301 1605 ubi
326 1559 358 1606 v.
386 1537 448 1609 58.
473 1536 600 1608 Achilli
626 1537 707 1609 dicit
730 1527 952 1634 Agamemno:
1076 1549 1079 1554 '

232 1683 332 1782 ἀμφὶ
357 1681 402 1758 ds'
424 1685 457 1759 o’
488 1687 646 1782 ἔστησαν
671 1695 802 1780 κοῦραι
828 1684 944 1760 ἁλίοιο
970 1683 1141 1787 γέροντος

231 1787 345 1884 οἴκτρ’
375 1783 678 1886 ὑλοφορόμεναι,
718 1789 799 1885 πέρι
831 1785 867 1863 d⁰
904 1788 1077 1886 ἄμβροτα
1109 1786 1242 1888 εἵματα
1327 1839 1328 1844 1

125 1975 128 1984 ,
787 1889 916 1964 ἕσσαν·

230 1992 389 2114 Mordeat
414 1986 451 2063 δ’
481 1986 587 2065 ἐννέα
611 1997 728 2064 necat
753 1987 998 2090 ἀμειβόμεναι
1023 1987 1086 2065 dai
1109 1993 1202 2085 καλῇ

175 2121 183 2127 ·
229 2093 404 2190 sparsor.
935 2099 938 2110 “

129 2239 304 2314 Postremo
332 2241 408 2338 quid
429 2243 494 2315 boc
511 2267 585 2316 esse
603 2244 762 2336 dicamus,
790 2243 875 2341 quod
893 2242 1112 2335 Wclekerus,
1142 2263 1239 2339 quum
1321 2333 1333 2348 Ι

128 2342 164 2413 iu
207 2342 316 2415 indice
355 2343 536 2415 fabularum
573 2345 733 2416 Memnon
774 2355 989 2436 memoretur,
1037 2344 1124 2416 hunc
1162 2344 1239 2414 Me·
1302 2389 1309 2406 t

92 2449 95 2454 “
129 2467 280 2515 nnnonem
306 2445 398 2514 nullo
424 2451 529 2535 teste,
566 2452 663 2541 atquc
696 2446 794 2516 ctiam
819 2446 1007 2541 refragante
1030 2444 1091 2516 illo
1108 2443 1239 2534 indice,

129 2545 276 2616 eamdem
311 2569 384 2616 cum
419 2543 655 2640 Psycbostasia
687 2546 890 2642 tragoediam
930 2569 1003 2616 esse
1044 2537 1241 2617 existimat?

126 2645 216 2718 Nam
242 2646 272 2716 si
297 2647 344 2716 ita
370 2654 477 2737 esset,
515 2646 748 2718 nondiversis
774 2627 858 2720 locst
883 2647 1014 2718 uomina
1038 2646 1104 2717 ista
1120 2646 1162 2742 iu
1187 2645 1242 2716 in·
1302 2677 1309 2690 ³

126 2748 204 2818 dico
230 2747 290 2818 illo
316 2747 524 2843 legerentur,
552 2747 629 2839 sed,
656 2756 693 2819 ut
717 2749 852 2820 in.aliis
877 2747 998 2844 fabulis
1024 2746 1241 2818 binominibus
1279 2753 1286 2765 “
1385 2767 1388 2775 ’

130 2848 266 2938 factum,
292 2873 367 2921 uno*
383 2850 458 2921 loco
486 2847 657 2940 Μέμνων
680 2845 704 2944 ἢ
736 2846 971 2943 Ψυχοστασία
1004 2853 1162 2944 scriptum
1187 2848 1266 2923 irs-5
1301 2925 1305 2937 ,
1336 2873 1362 2910 1

37 2964 40 2970 ’
127 2950 310 3022 *ueniretur
361 2951 515 3043 Accedit,
541 2959 578 3022 ut
604 2952 745 3023 dubitari
769 2952 889 3048 possit,
915 2951 1146 3047 tragoediaene
1167 2949 1242 3020 fue-

126 3053 199 3124 rint
222 3052 302 3126 illae
327 3052 477 3146 fabulae,
504 3077 641 3150 quarum
666 3054 789 3151 duplex
814 3077 933 3128 nomen
958 3052 1082 3143 lentur,
1118 3075 1161 3123 au
1186 3073 1243 3123 sa-

130 3154 267 3249 tyricae.
580 3179 582 3184 ·
1003 3241 1005 3244 Ι

73 3323 76 3329 .
234 3253 355 3326 Sobria
381 3254 540 3328 iudicanti
570 3255 653 3326 illud
687 3257 796 3360 statim
823 3262 981 3353 appareat
1014 3245 1240 3346 necesse-est,
1270 3301 1274 3305 -

100 3351 364 3426 Penthesileae
398 3363 431 3426 et
455 3356 659 3427 Amazonum
691 3379 833 3453 pugnam
864 3357 962 3453 plane
988 3356 1027 3426 ab
1054 3356 1241 3427 Memnonis
1382 3432 1385 3435 ,

132 3456 231 3528 rebus
258 3449 330 3528 esse
357 3457 584 3551 separandam.
634 3455 719 3528 Nam
744 3455 849 3554 neque
876 3457 963 3554 apud
984 3457 1156 3528 Arctinum
1183 3481 1243 3528 co-

132 3558 290 3648 baereut,
329 3565 363 3629 et
388 3557 575 3628 Memnonis
607 3557 695 3629 facta
728 3581 767 3630 ac
799 3557 931 3629 fortuna
963 3559 1043 3629 satis
1074 3558 1243 3630 continent

133 3660 309 3750 materiae,
339 3683 382 3730 cx
410 3673 472 3755 qua
497 3669 596 3755 poeta
623 3659 711 3755 quali
736 3659 919 3754 Aeschylus
944 3659 1077 3754 ingenio
1103 3658 1166 3730 soit
1190 3659 1243 3730 fa-

42 3827 44 3832 .
133 3761 197 3832 cile
224 3769 292 3832 tres
326 3763 382 3832 aut
407 3769 561 3856 quattuor
584 3760 712 3831 fabulas
738 3769 922 3856 componat.
975 3751 1119 3852 Quarum
1145 3786 1242 3857 quum

116 3863 231 3935 ‘modo
264 3863 305 3934 de
339 3862 463 3933 duabus
497 3861 620 3958 aliquid
647 3862 828 3958 cognitum
846 3861 910 3954 sit,
942 3861 1176 3958 Psycbostasia
1208 3869 1242 3934 et
1329 3948 1334 3952 ‚

134 3961 331 4056 Mennnone,
360 3965 400 4035 dc
426 3964 525 4034 tertia
551 3964 600 4035 sic
626 3962 891 4059 demum'quaeri
915 3972 1048 4060 posset,
1082 3965 1112 4037 si
1138 3964 1242 4036 scire-

134 4087 207 4136 mus
241 4089 322 4160 quac
354 4066 485 4136 illarum
516 4065 603 4137 inter
635 4066 679 4136 se*
697 4064 831 4137 duarum
856 4058 940 4138 ratio
967 4066 1078 4138 fuerit.
1128 4068 1175 4136 At
1199 4087 1241 4137 nc

135 4165 200 4237 boc
227 4167 353 4260 quidem
381 4168 547 4264 cognitum
574 4174 637 4238 est.
688 4165 771 4240 Nam
796 4167 984 4243 Memnonis
1015 4169 1106 4239 nulla
1131 4172 1241 4238 exstat

135 4267 305 4357 memoria,
331 4294 425 4363 quam
442 4292 568 4340 'nomen
593 4269 627 4339 in
653 4268 761 4341 indice
782 4268 962 4342 fabularum
984 4278 1018 4342 et
1034 4266 1130 4338 dubia
1147 4289 1241 4338 men·

137 4367 185 4442 tio
210 4369 297 4466 apud
322 4367 493 4444 Pollucem
518 4367 586 4442 IV.
615 4372 721 4461 110„
754 4370 808 4442 ubi
833 4397 931 4468 quum
955 4372 990 4442 iu
1015 4367 1090 4442 aliis
1114 4367 1241 4477 codicia
1267 4400 1275 4416 ·
1381 4413 1385 4426 ‹
1507 4355 1510 4370 ⁴
