3086 5050
299 407 363 476 sm
597 381 1101 468 unmscnrmrunconrms

239 647 242 656 .
301 575 361 650 neti
385 573 676 648 ultimae'litterae
701 573 784 646 ioci
807 571 848 644 el
874 593 1015 668 eaquae
1036 568 1424 666 sequuntur'pertincnt.

301 676 446 751 Vossius
477 676 513 748 in
538 673 627 748 Mes.
661 699 735 748 esse
762 674 809 746 ait
832 669 1022 747 corathi:
1066 671 1210 746 Bothins
1227 673 1425 744 immenso·

300 775 430 856 roban.
482 775 571 848 Mihi
596 777 679 848 nihil
705 775 836 850 obstare
865 771 1053 865 vitlehetur',
1089 798 1154 870 quo
1180 773 1287 845 miuus
1310 774 1427 846 intra-

300 880 433 956 ctabilis
459 887 494 950 et
518 879 675 975 pervicax
701 878 827 950 animus
850 877 1016 950 diceretur
1033 899 1098 947 non
1117 875 1297 948 morabilis.
1332 873 1425 948 Cum

302 982 415 1056 eedem
442 981 605 1052 sententia
631 979 841 1051 coniunctum
866 979 940 1050 luit
954 978 1051 1050 etiam
1077 977 1142 1048 hoe
1168 977 1255 1073 apud
1274 975 1425 1051 Nonium

301 1085 336 1155 in
358 1083 565 1184 proprium
589 1105 625 1178 p.
653 1083 741 1174 362,
773 1083 811 1155 3.

429 1237 525 1308 ιιιλιιι
548 1257 628 1306 mon
643 1229 774 1329 facilc
795 1235 877 1306 cirre
899 1201 1013 1320 ιίσαιιι
1027 1253 1149 1330 opero
1168 1227 1423 1404 perpendatu-

962 1358 1085 1406 marcu
1100 1339 1205 1432 ,scot
1249 1357 1338 1406 σιιιι.

211 1487 212 1492 ’
304 1485 366 1560 Sic
392 1483 474 1558 edd..
493 1471 666 1560 lucianae.
717 1483 928 1558 Memoriana
953 1483 1127 1558 humanu
1147 1485 1328 1587 propriu.
1379 1481 1423 1554 In

190 1585 199 1596 ‘
305 1588 541 1684 antiquissimis
567 1589 754 1661 nominatur
787 1587 917 1683 quidem
942 1587 1055 1658 Attius
1081 1589 1258 1658 Armorum
1282 1585 1423 1676 iudicio,

305 1691 363 1764 secl
397 1713 511 1762 versus
544 1689 617 1786 ipse
652 1690 792 1761 omissus
826 1697 889 1760 est.
951 1687 1126 1760 Postremo
1154 1688 1284 1758 ridetur
1308 1687 1425 1759 Attius
1471 1694 1474 1698 ’

305 1816 447 1891 quoqne,
474 1799 511 1864 ut
536 1789 741 1888 Sophocles,
769 1789 904 1862 Ulixem
926 1789 1167 1882 introduxisse,
1194 1791 1252 1886 qui
1276 1789 1427 1885 Agame·

304 1895 434 1968 mnonis
459 1894 666 1967 atrocitatem
694 1898 932 1988 compesceret.
982 1890 1066 1962 Inde
1092 1899 1144 1964 est
1170 1891 1257 1987 apud
1278 1890 1425 1964 Nonium

305 1997 342 2068 in
366 1997 490 2068 altum
515 2020 551 2091 p.
577 1997 664 2085 287,
692 1997 754 2068 21.
860 2066 868 2082 ,
1309 2001 1313 2008 ’

661 2169 736 2214 σαι·
761 2145 894 2214 vetera
919 2151 1000 2240 tam
1025 2169 1082 2218 ex
1108 2146 1188 2218 alto
1214 2146 1370 2246 άμμσιῖι

434 2242 609 2334 decute,
635 2242 910 2348 Agamemno?
1061 2331 1064 2342 .
1308 2243 1334 2255 ‘⁴

260 2394 370 2470 usic
395 2395 472 2470 edd.
498 2396 758 2494 antiquissimae,
785 2397 850 2470 nisi
872 2396 957 2493 quod
975 2395 1239 2470 Mediolanensis
1261 2403 1328 2469 un'a
1345 2418 1425 2470 voce

307 2509 542 2588 ceronatam,
579 2492 710 2571 Veneta
744 2507 850 2570 autem
884 2523 915 2570 a.
944 2501 1055 2575 149⁶.
1089 2491 1277 2574 celerata.
1337 2499 1426 2573 Dein

281 2599 467 2672 lucianae
494 2609 528 2671 et
554 2599 764 2672 Memoriana
790 2627 816 2672 α
871 2603 1007 2694 otieris,
1033 2600 1246 2673 Mereeriana
1271 2601 1345 2673 sola
1369 2599 1425 2672 di-

309 2700 446 2777 scidia.
497 2693 628 2802 Eodem
652 2703 796 2798 pertinet
812 2703 832 2721 “
862 2701 904 2775 ud
925 2703 959 2775 in
977 2701 1171 2818 caecitudo
1196 2727 1231 2801 p.
1249 2701 1337 2823 113,
1364 2705 1426 2817 22.

536 2869 538 2876 ’
665 2843 821 2927 occulto
846 2839 1040 2928 caecitudo
1093 2904 1168 2948 .,.
1220 2903 1233 2928 .

437 2947 678 3040 oblitteretur·
701 2954 980 3056 Pelopidarum
1005 2983 1056 3030 ac
1082 2959 1160 3058 μέν
1184 2981 1250 3030 cos
1274 2963 1426 3032 sancte-

967 3061 1060 3132 sect
1075 3065 1219 3158 geneis.

313 3201 459 3302 Legitur
480 3205 595 3278 cocle
620 3212 654 3276 et
672 3230 749 3307 per·
773 3231 855 3280 ιισι.
907 3205 1178 3307 Laurenhergius
1203 3207 1428 3310 inAntique·

304 3306 365 3379 'rio
390 3306 524 3402 scripsit
542 3309 701 3381 occulte.
745 3307 874 3380 Deesse
893 3311 998 3406 priori
1015 3314 1125 3384 versui
1143 3313 1426 3413 videturflught

415 3407 531 3480 Redeo
558 3408 600 3479 ad
624 3409 836 3506 Aeschylum.
888 3410 973 3484 Eius
1006 3414 1112 3485 altera
1137 3415 1292 3511 trilogiae
1317 3413 1428 3485 iahula

318 3508 483 3606 Θρῇσσαι
509 3507 597 3580 dicta
621 3509 684 3582 fuit
709 3537 752 3582 ex
778 3513 878 3584 choro
900 3515 1304 3610 captivarummulierum.
1356 3513 1449 3591 Te-¹

314 3613 381 3684 stis
404 3619 457 3684 est
482 3611 678 3684 scholiastes
697 3609 884 3709 ‘Sophoclis
918 3615 958 3686 etl
984 3613 1157 3692 Annas.
1193 3621 1293 3714 q'uum
1318 3617 1429 3714 eupli-

316 3736 411 3804 cans,
446 3735 508 3786 our
532 3709 720 3810 Sophocles
745 3739 789 3787 ex
814 3717 894 3789 viris
920 3714 1112 3790 Salaminiis
1138 3719 1274 3792 chorum
1300 3719 1430 3808 feccrit,

175 3812 180 3824 '
317 3814 471 3910 scripsit:
504 3811 547 3886 τὸ
573 3811 614 3888 (ii
639 3822 718 3890 τῶν
734 3813 981 3912 αἰχμαλώτων
1004 3817 1249 3916 κηδεμονικὸν
1274 3822 1356 3910 μέν,
1381 3817 1432 3900 uit

317 3909 502 4008 Αἰσχύλος
525 3917 567 3990 ἐν
587 3912 782 4020 Θρῄσσαις,
808 3919 854 3994 οὐ
877 3918 953 4016 μὴν
974 3917 1229 4014 ιύιιρόςωπσν·
1263 3919 1334 4018 ὅρα
1358 3919 1432 4022 γὰρ

320 4013 401 4090 οἷον
424 4014 467 4090 τὸ
493 4013 750 4110 αἰχμαλώτους
772 4021 946 4114 ἐπιτιμᾶν
969 4029 1023 4120 τῷ
1038 4019 1233 4120 Μενελάῳ.
1283 4023 1433 4116 Quomm

246 4148 275 4188 x
320 4118 493 4191 verborum
517 4129 685 4220 postrema
710 4129 817 4193 utrum
842 4123 883 4194 ad
908 4121 1091 4222 Sophoclei
1116 4126 1231 4198 Aiacis
1257 4149 1291 4196 v.
1318 4125 1431 4200 1091.
1457 4164 1458 4170 1

324 4218 436 4296 1092.
469 4226 639 4316 spectent,
672 4244 715 4293 an
745 4221 929 4319 Aeschylus
961 4225 996 4296 id
1029 4227 1127 4323 quod'
1142 4226 1307 4323 vituperat
1331 4227 1435 4298 scho-

321 4323 438 4394 liestes
471 4319 607 4412 iecerit,
631 4309 808 4395 -in'oertmn
839 4333 911 4398 est:
945 4327 1004 4400 seri
1021 4322 1158 4419 tamen,
1183 4329 1355 4425 'qnoniam
1375 4328 1434 4398 rix

315 4423 408 4494 ‚tenti
433 4425 509 4494 ¹suut
532 4422 591 4495 isti
616 4421 679 4496 duo
706 4422 833 4518 rusus,
859 4435 995 4524 propter
1019 4427 1081 4502 hos
1108 4424 1144 4502 ut
1168 4429 1355 4504 landandus·
1376 4453 1434 4502 es-
