3084 5050
181 370 185 381 ·
287 329 351 400 ror
509 289 518 426 Ἰ
590 331 642 396 un
663 334 809 406 orurcro
829 333 1087 410 mrunraurrs,
1152 421 1155 431 k

175 541 177 554 =
285 501 393 599 ipsum
418 499 785 600 fragmentum-aliquid
808 501 924 575 indicii
948 493 1132 599 praebeat?
1181 499 1229 574 At
1252 499 1336 574 nihil
1355 525 1402 576 eo

287 603 474 678 continetur
498 602 563 674 nisi
584 601 775 678 Stratonem
801 604 984 701 quemdam,
1011 604 1098 701 quod
1123 603 1305 701 plaustrum
1331 627 1404 678 nou

286 705 424 795 haheat,
460 713 681 802 contemptam
712 702 968 802 inter'Scythas
999 729 1129 778 errare:
1171 730 1266 802 quem
1293 705 1403 777 homi-

287 829 381 897 nem,
411 831 512 902 quum
538 803 578 878 ah
604 805 753 880 Hierone
778 809 884 880 mulos
912 809 1114 904 accepisset,
1143 810 1240 879 etiam
1268 830 1401 878 currum

182 933 184 944 ¹
286 907 444 1005 petivisse
469 907 572 980 refert
597 909 807 982 scholiastes.
857 907 912 981 Ea
936 931 1014 982 uero
1037 909 1226 983 narratione
1243 909 1308 980 hoc
1324 918 1402 980 tan-

287 1020 356 1084 tum
382 1009 538 1101 eflicitur,
575 1019 612 1084 ut
636 1011 782 1107 potuerit
807 1010 842 1083 id
867 1034 1017 1102 carmen,
1050 1010 1085 1086 iu
1112 1035 1176 1107 quo
1201 1009 1259 1084 isti
1287 1033 1399 1082 uersus

285 1111 431 1203 luerunt,
457 1110 598 1184 Hieroni
625 1113 784 1230 scriptum
809 1135 897 1204 esse,
923 1113 1054 1188 minime
1076 1124 1184 1185 autem
1202 1118 1239 1183 ut
1255 1110 1401 1188 aitllie-

285 1214 361 1288 roni
385 1211 557 1310 scripturn,
583 1237 658 1304 nec,
684 1214 715 1286 si
740 1214 797 1307 sit,
824 1223 861 1287 ut
886 1215 931 1288 sit
948 1215 1035 1304 idem
1056 1239 1129 1288 eum
1146 1213 1400 1310 hyporchemate

286 1315 360 1388 illo.
412 1311 483 1388 Sed
509 1325 579 1387 tota
604 1316 664 1388 illa
673 1317 834 1489 Pnarratio
860 1317 957 1388 nimis
984 1317 1066 1389 mira
1091 1324 1143 1388 est
1168 1326 1265 1412 atque
1289 1315 1401 1388 iucre-
1535 1311 1536 1366 3

287 1416 411 1488 dibilis.
463 1416 552 1506 Quid
577 1409 691 1490 enirn?
741 1415 837 1491 Itane
870 1418 1003 1498 luserit
1020 1441 1136 1509 casus,
1177 1428 1214 1489 ut
1246 1417 1276 1488 is
1302 1417 1405 1490 homo'

259 1518 328 1590 ·de
355 1542 419 1616 quo
445 1516 610 1592 Pindarus
634 1519 850 1616 loquehatur,
890 1520 977 1592 idem
1008 1545 1125 1592 nomeu
1152 1519 1287 1592 haberet
1312 1518 1401 1614 quod

173 1653 181 1668 ·
286 1619 500 1694 Atheniensis
526 1621 605 1720 ihs,
632 1645 727 1717 quern
754 1630 787 1693 et
812 1622 868 1694 hie
893 1622 962 1694 et
951 1647 987 1705 ιιι
1010 1621 1158 1694 Acheru.
1185 1645 1217 1692 v.
1246 1622 1332 1696 119.
1350 1620 1399 1716 ¹⁹)

286 1722 399 1820 tetigit
433 1717 706 1820 Aristophanes?
771 1722 935 1796 Habuerit
972 1732 1102 1798 autem.
1148 1723 1226 1819 quid
1259 1721 1398 1814 homini,

288 1847 457 1942 quemy
410 1821 653 1918 Syracusanum
685 1824 789 1896 luisse
816 1824 908 1900 credi
936 1843 1000 1942 par
1029 1832 1100 1916 est,
1136 1823 1310 1898 errandum
1338 1824 1402 1896 luit

286 1925 374 1996 mter
387 1922 454 2020 Sc
458 1907 558 1997 thas?
583 1922 738 2002 Omnino
765 1934 873 1998 autem
899 1926 972 2022 quis
996 1926 1109 2000 credat
1124 1925 1312 2000 hominem
1302 1943 1402 2023 ugno-

286 2025 399 2122 hilem,
427 2025 484 2121 qui
507 2025 605 2096 mulis
631 2025 671 2097 ah
688 2024 836 2097 Hierone
862 2024 1001 2098 donatus
1028 2028 1126 2100 etiarn
1142 2030 1325 2125 plaustrum
1343 2053 1402 2102 ro·

287 2126 436 2222 gaverit,
461 2125 595 2220 dignum
622 2127 930 2200 commemoratione
956 2151 976 2198 a
999 2126 1147 2201 Pindaro
1173 2148 1247 2202 esse
1272 2130 1402 2202 iudica·

287 2220 384 2302 tum?
435 2225 542 2300 Immo
573 2227 604 2300 si
615 2227 760 2346 ahquid
792 2229 862 2300 reri
887 2230 981 2302 est
971 2255 1006 2302 m
1037 2232 1227 2305 narratione
1255 2232 1402 2306 scholia·

206 2363 210 2386 ι
281 2319 384 2435 stae,
400 2329 440 2400 de
467 2352 543 2446 qqa,
570 2329 646 2425 quia
672 2337 785 2425 aperte
806 2355 871 2403 non
893 2331 1057 2429 integrum
1073 2343 1129 2404 est
1146 2333 1308 2424 scholion,
1334 2357 1400 2406 non
1535 2383 1536 2410 1

194 2499 196 2503 s
286 2438 399 2528 potest
424 2430 507 2503 certi
534 2431 610 2527 quid
637 2432 751 2522 statui,
777 2432 843 2505 hoc
867 2441 991 2506 tautum
1017 2433 1112 2506 nohis
1129 2434 1209 2507 licet
1226 2437 1399 2532 colligere,
1535 2523 1536 2538 χ

280 2531 519 2629 respicientem
545 2543 676 2630 poetam
702 2534 743 2606 ad
763 2533 847 2606 illud
864 2534 999 2629 lactum,
1026 2535 1112 2632 quod
1129 2547 1287 2638 memorat
1301 2537 1401 2610 scho-

281 2635 423 2726 liastes,
460 2636 625 2707 contemni
657 2635 743 2731 apud
769 2633 836 2732 Scy
839 2637 912 2710 thas
946 2637 1092 2730 dixisse,
1130 2628 1185 2735 qui
1217 2639 1400 2734 plaustrum
1535 2631 1536 2644 ³

286 2761 354 2810 uon
378 2736 510 2808 haheat.
560 2735 684 2832 Itaque
703 2736 791 2808 haud
816 2763 970 2812 erravero
985 2739 1194 2842 fumasse,
1166 2766 1196 2812 su
1213 2737 1400 2836 Στράτων

23 2849 26 2860 ’
136 2871 142 2880 ·
209 2911 222 2922 Μ
285 2837 322 2910 in
346 2835 485 2910 Pindari
516 2838 626 2910 uerhis
659 2861 720 2934 per
753 2863 898 2912 errorem
933 2865 976 2916 ex
1000 2835 1225 2958 Aristophane
1256 2845 1400 2938 positum
1535 2857 1536 2862 ’

288 2963 375 3030 esse,
403 2963 501 3057 quum
521 2937 687 3014 Pindarus
712 2938 909 3012 adieetivum
935 2941 1069 3035 aliquod
1094 2941 1326 3038 scripsisset,
1324 2970 1401 3016 uer-
1535 3033 1536 3038 Ἰ

285 3063 408 3136 susque
434 3041 505 3114 eius
530 3041 614 3114 tales
640 3039 743 3112 luisse
768 3041 961 3112 coniecere·
1039 3105 1041 3112 ,

298 3252 301 3258 .
412 3185 616 3322 ινομάδεσσι
640 3187 713 3292 poio
739 3191 789 3264 da
806 3186 981 3274 Σκύθαις
1006 3189 1139 3265 ἀλᾶται
1163 3187 1291 3287 μόνος,

355 3299 358 3304 ’
415 3291 455 3378 ὃς
480 3290 766 3468 ἆιιαξιιφόρητον
791 3285 958 3368 odana
919 3321 963 3368 ov
988 3292 1158 3385 πέπαται,

414 3391 592 3492 ἅκλιὴςδ
593 3393 705 3490 ἰ’βα
730 3392 863 3470 τῶνδε.

288 3548 385 3640 quad
411 3549 443 3621 si
467 3548 540 3645 quis
567 3547 714 3640 obiiciat,
740 3547 775 3619 id
795 3545 835 3632 ὃς
855 3544 906 3644 μὴ
925 3546 1082 3622 πέπαται
1096 3548 1267 3623 dicandum
1282 3549 1397 3645 luisse,

222 3661 225 3672 '
288 3651 472 3724 meminerit
497 3650 595 3724 etiarn
630 3647 675 3724 οὐ
708 3659 798 3725 recte
832 3651 900 3726 dici
931 3675 1004 3724 curn
1029 3650 1129 3724 verbo
1154 3651 1191 3724 in
1214 3677 1312 3726 unam
1336 3680 1399 3728 uo·
1438 3657 1442 3662 ’

286 3841 596 3862 νη--ί

319 3951 530 4119 19pfrHunc
544 3956 697 4030 Stratonem,
717 3964 884 4016 memoratum
905 3959 1011 4018 etiarn
1003 3951 1397 4050 uaqq.1371.etu‘ot7

290 4031 433 4111 κᾶσιιι
475 4039 560 4120 361.)
588 4041 730 4101 homnem
728 4041 841 4098 mollem
864 4060 935 4111 erse,
963 4051 989 4106 at
1016 4045 1072 4099 siue
1098 4043 1174 4102 dubio
1201 4044 1293 4115 alium,
1322 4066 1397 4122 quana

290 4126 322 4185 de
345 4146 394 4203 qno
416 4129 443 4184 in
459 4124 568 4196 Avibus,
589 4147 664 4227 quem
684 4126 735 4183 rel
747 4130 870 4183 miserum
891 4133 993 4207 poetam¹
1015 4146 1081 4196 esse,
1102 4127 1143 4185 vel
1165 4147 1197 4184 ex
1217 4088 1331 4188 Pindaro
1351 4151 1398 4208 per

150 4219 154 4227 “
288 4217 375 4271 iocum
402 4219 502 4269 servato
530 4214 633 4269 nomine
660 4209 805 4268 Stratonem
830 4217 925 4269 vocari.
968 4212 998 4270 ln
1020 4209 1182 4270 adunatione
1211 4211 1244 4270 ad
1264 4213 1397 4291 Hyporch.

250 4364 254 4368 ,
288 4298 324 4358 dr.
347 4295 376 4355 2.
399 4293 428 4354 3.
448 4313 531 4372 pra„
536 4293 615 4354 Nou
621 4297 670 4353 ribi
690 4297 797 4352 ιιιιιιιι“
818 4295 979 4354 scribendum
1001 4314 1074 4355 esse:
1100 4295 1237 4370 „Pindaro
1258 4302 1339 4384 igltpr
1358 4303 1396 4358 in·

289 4390 400 4460 terprets
419 4399 485 4440 ιιιιιι
506 4399 609 4440 eunom
629 4379 743 4456 postulat
763 4379 848 4438 Sueto
870 4379 998 4456 quudam“
