3076 5046
177 351 242 434 ’κ
300 363 366 438 sle
698 367 754 432 on
775 336 1012 466 ‘urrunnu

302 535 490 632 signilieere
522 541 638 632 potest>
667 533 744 632 quin
770 534 827 607 sic
857 533 1038 607 referretur
1068 529 1120 605 ed·
1135 531 1240 624 nlius,
1276 554 1423 628 qrrcurrrr⁸

301 639 426 728 nullus,
453 662 551 734 quum
572 659 685 710 omnes
702 635 871 729 deberent,
897 634 932 708 id
953 635 1100 726 lecisset,
1126 658 1238 732 neque
1247 633 1343 728 ἔχειν
1363 643 1416 708 ert

300 737 509 828 custodire,
536 739 601 810 nisi
625 739 682 808 ulri
707 738 789 810 nihil
815 745 928 836 potest
949 738 1038 809 uliud
1055 736 1258 834 significare.
1309 733 1352 809 Si
1370 737 1415 808 li-

242 909 246 928 „
302 849 357 915 oet
380 866 441 937 pro
468 840 605 913 urlritrio
632 840 729 911 verbe
755 849 870 924 contra
894 863 987 910 usum
1012 839 1237 936 interpretari,
1264 838 1348 910 nilril
1364 846 1416 912 est
1450 905 1457 918 x

302 942 390 1040 quod
415 966 481 1014 non
506 942 613 1040 possit
638 941 740 1014 eluci.
801 939 911 1014 Porro
944 947 1044 1036 neget
1068 943 1186 1038 longas
1211 941 1294 1013 istas
1319 941 1417 1038 coln-

301 1069 394 1116 mnus
418 1044 507 1115 iuter
531 1043 657 1115 coelum
684 1050 718 1114 et
735 1051 855 1115 terrem
871 1042 990 1115 debere
1005 1043 1130 1139 positas
1145 1043 1267 1139 putari.
1297 1041 1424 1134 Quor&

302 1171 373 1218 rurn
399 1146 497 1232 enirn,
523 1144 642 1241 inquit,
667 1145 788 1242 longae
814 1145 997 1234 columnae,
1025 1168 1107 1241 quae
1134 1144 1261 1218 coelum
1287 1153 1321 1218 et
1346 1153 1417 1216 terh

196 1265 216 1316 f
301 1271 373 1320 rem
398 1247 594 1337 distinerent,
631 1247 662 1318 si
693 1246 778 1318 caeli
810 1270 923 1318 cerum
950 1255 1098 1319 extreme
1131 1245 1220 1318 orbis
1252 1253 1417 1321 summu

302 1372 362 1422 oru
387 1348 504 1420 fultum
530 1341 609 1420 erti'
658 1345 763 1439 Sene,
790 1349 819 1420 si
844 1349 944 1420 talem
968 1371 1044 1419 esse
1070 1347 1156 1420 caeli
1181 1347 1318 1422 lormarn
1343 1346 1426 1420 llo·v
1455 1396 1457 1404 ‚

301 1473 411 1522 merus
437 1449 589 1522 credidit.
639 1450 687 1522 At
720 1449 792 1546 quis
825 1449 890 1522 lroc
920 1442 1069 1531 docuit?
1108 1447 1192 1522 Nero
1217 1448 1416 1547 interpretes

303 1552 391 1648 quod
416 1551 666 1648 excogitarunt,
700 1551 765 1624 nisi
791 1550 994 1624 ostenderint
1026 1551 1067 1622 alr
1088 1539 1166 1648 ipso
1193 1550 1315 1624 dictum
1341 1550 1417 1624 Ho-

301 1676 393 1725 mero
419 1677 513 1745 esse,
540 1653 603 1725 ribi
628 1653 782 1724 labeant.
834 1653 922 1744 Quin
948 1651 1053 1725 siculri
1077 1654 1145 1724 tale
1171 1653 1249 1748 quid
1276 1652 1417 1726 dixisset

301 1753 487 1846 Homerus,
524 1780 590 1827 non
615 1765 829 1851 sequeretur,
866 1754 944 1826 olibi
975 1779 1041 1826 non
1073 1754 1222 1850 potuisse
1246 1753 1417 1827 columnas

302 1857 492 1953 suppositas
519 1857 612 1928 caelo
630 1856 718 1928 dici.
769 1853 853 1928 Nem
875 1855 1025 1953 prolecto
1048 1856 1180 1928 ridiculi
1195 1865 1285 1948 suut,
1310 1880 1417 1953 neque

302 1956 584 2030 eutHomericam
609 1957 726 2053 poesin
751 1958 917 2053 cognitam
942 1949 1075 2048 hebent,
1100 1965 1157 2029 eut
1182 1955 1313 2030 omnino
1340 1957 1418 2055 quid
1485 2001 1488 2015 ι

302 2059 415 2156 poesis
441 2058 486 2130 sit
510 2057 630 2148 sciunt,
659 2058 715 2153 qui
740 2059 793 2129 rel
819 2059 944 2130 coelum
970 2057 1184 2132 llomericu‘m
1209 2059 1265 2132 rel
1289 2057 1418 2132 Horre-

304 2159 408 2230 ricem
440 2166 548 2229 terrae
575 2158 713 2255 figuram
737 2159 773 2230 in
798 2159 919 2231 telrulis
944 2160 1097 2257 pingunt.
1159 2161 1253 2253 Quae
1278 2185 1342 2235 nee
1367 2162 1418 2232 ri-

304 2259 354 2332 dit
378 2260 548 2356 quisquam
573 2279 636 2332 nec
653 2260 764 2333 uidere
779 2268 902 2357 potest,
928 2261 1057 2358 lingunt
1073 2270 1192 2359 poetae
1208 2273 1309 2359 prout
1334 2289 1419 2362 qno·

197 2353 200 2372 ’
305 2382 367 2457 que
392 2363 469 2433 loco
494 2369 572 2458 epte
598 2386 675 2434 esse
701 2363 914 2435 arbitrantur.
965 2363 1053 2455 Quid
1081 2389 1157 2436 rero
1177 2363 1350 2438 Homerus
1375 2364 1417 2438 do

302 2463 378 2534 istis
404 2457 592 2536 columnis?
642 2463 760 2554 Immo,
785 2464 904 2561 inquit,
932 2466 991 2538 sulr
1017 2460 1107 2538 terre
1129 2475 1217 2558 sunt,
1244 2459 1362 2564 pedem
1382 2467 1418 2540 in

303 2563 405 2640 fundo
439 2565 539 2636 muris
572 2565 659 2661 quod
693 2565 753 2636 sulr
784 2574 875 2638 terre
910 2575 962 2640 est
993 2567 1170 2660 hebentes,
1208 2591 1333 2640 summu
1365 2568 1418 2640 sui

210 2749 215 2772 Κ
303 2674 399 2764 purte
425 2675 534 2738 eutem
566 2667 675 2739 solum
704 2677 813 2739 terreo
838 2667 1033 2760 fulcientes,
1068 2672 1144 2765 quie
1169 2670 1331 2742 obsistere
1357 2669 1419 2743 de·

303 2769 394 2858 lrent,
421 2792 462 2840 ne
488 2777 578 2840 terre
603 2777 639 2840 et
662 2770 788 2842 ceelum
801 2770 848 2866 in
873 2795 962 2842 mere
982 2770 1146 2844 decident.
1197 2770 1304 2867 quue
1328 2773 1417 2844 clere

304 2876 604 2966 apparere'censet
628 2878 672 2942 err
698 2895 758 2960 eo,
785 2871 872 2967 quod
898 2871 987 2944 dicet
1012 2883 1129 2967 poeta:
1166 2870 1243 2956 ὅςτε
1268 2864 1417 2947 Saldo:

159 3001 162 3014 ι
305 2993 371 3066 σης
395 2966 528 3066 ordume·
536 2969 679 3068 βένθεα
705 2969 792 3044 oldr.
843 2970 928 3046 Nem
955 2973 1116 3070 quomodo
1141 2974 1311 3046 Atlantem
1337 3000 1418 3072 pro-

71 3073 78 3084 '
173 3069 177 3078 “
304 3071 405 3142 lunda
429 3073 529 3143 meris
556 3097 667 3163 nosse,
695 3074 760 3145 nisi
785 3083 874 3145 esset
897 3075 932 3145 in
957 3068 1068 3147 meri?
1118 3075 1235 3174 Itaque
1255 3077 1417 3173 cumipse
1526 3073 1527 3130 l

306 3173 405 3258 etiem
437 3167 604 3246 columnus
638 3174 685 3245 ibi
717 3199 805 3246 esse.
872 3174 1042 3248 Mennerti
1073 3177 1156 3250 haec
1187 3179 1417 3274 interpretatio
1453 3208 1466 3226 r

306 3283 371 3366 est,
398 3298 493 3371 quam
518 3275 667 3371 seqnitur
690 3273 883 3367 Hellterus,
900 3276 957 3349 sed
984 3301 1108 3374 augens
1134 3303 1205 3350 eam
1231 3281 1314 3351 mori
1339 3281 1419 3352 sulr-

293 3385 479 3467 terraneo,
507 3377 593 3473 qnod
619 3377 819 3452 confinxisse
846 3379 975 3451 videtur
1000 3405 1043 3451 ex
1067 3381 1130 3472 iis,
1158 3405 1241 3478 quoe
1266 3379 1419 3456 Letron·

139 3543 141 3550 .
307 3479 382 3550 nius
409 3477 449 3549 de
474 3477 628 3575 Neptuno
656 3480 845 3576 disputarit.
898 3481 994 3572 Quod
1020 3483 1087 3573 eit,
1122 3483 1187 3553 iem
1219 3491 1349 3556 veteres
1373 3483 1416 3557 ed

171 3627 172 3636 ι
306 3579 406 3652 istum
438 3579 567 3652 modum
600 3581 698 3652 verlre
723 3581 861 3654 Homeri
893 3607 966 3654 esse
999 3584 1253 3681 interpretatos,
1291 3583 1417 3658 Eusto-

272 3771 276 3782 .
307 3681 575 3753 thiumallerens
608 3707 643 3778 p·
671 3684 788 3776 1390,
823 3687 886 3760 63.
903 3684 951 3755 'id
978 3686 1074 3780 quale
1100 3687 1143 3758 sit
1170 3687 1416 3778 existimabunt,

239 3786 243 3798 “
308 3783 366 3879 qni
390 3783 453 3854 lroc
478 3783 571 3856 illum
596 3785 706 3856 dicere
732 3786 891 3858 viderintr
925 3783 981 3859 ὅτι
1006 3787 1047 3860 ἐν
1071 3793 1125 3884 τῷ
1150 3782 1265 3887 γαῖάν
1288 3816 1328 3861 τε
1353 3787 1417 3862 καὶ

263 3901 267 3922 ’
308 3881 471 3978 οὐρανὸν
503 3885 651 3978 ἔχουσιν
682 3885 952 3982 illideretur-ri
985 3886 1061 3980 ἀνὰ
1093 3885 1281 3981 πρόθεσις.
1339 3891 1416 3963 ἔστι

309 3983 381 4085 γὰρ
415 3983 500 4058 ἀντὶ
536 3993 605 4060 τοῦ
637 3985 809 4082 ἀνέχουσι
843 3985 907 4059 καὶ
940 3987 1254 4086 ἃναβαστάζουσι.
1318 3991 1416 4084 Quod

237 4153 239 4162 .
270 4086 341 4162 esi
366 4086 489 4158 frustra
519 4088 554 4159 in
587 4089 638 4160 lris
672 4089 892 4186 quaesiverint
916 4088 971 4181 id,
1006 4091 1094 4188 quod
1127 4093 1207 4164 dicit
1232 4089 1414 4184 Heffterus,

309 4189 421 4286 potius
446 4189 624 4262 nescivisse
641 4189 863 4278 Eustethium,
890 4193 1051 4286 quomodo
1077 4217 1144 4264 rem
1171 4171 1252 4266 sats
1277 4194 1417 4292 expedi-

310 4299 375 4382 ret,
400 4291 588 4387 intelligent
613 4311 656 4361 ex
681 4290 770 4382 illis,
798 4315 881 4387 quae
905 4293 1040 4389 scripsit
1064 4317 1099 4389 p.
1128 4295 1239 4386 1389,
1266 4299 1329 4372 55.
1353 4293 1416 4370 καὶ

184 4429 189 4446 =
310 4391 437 4475 κίονας
461 4392 550 4486 ἔχει,
577 4391 619 4464 ori
639 4417 710 4492 prpe
734 4419 773 4466 rs
798 4390 856 4466 dul
880 4391 995 4488 μέσου
1022 4392 1247 4490 συνέχουσιν,
1263 4397 1328 4472 καὶ
1351 4397 1416 4473 (ιύ-
