3084 5050
115 503 118 520 .
176 416 197 482 s
292 439 356 512 tta
563 443 859 508 nnunnnrrcnns
879 433 1160 508 rrncnnmnc.'

166 707 168 714 y
289 627 383 688 tuae
404 609 584 708 filicitas
614 612 721 690 tram
749 609 866 687 lambet
894 615 1184 712 mesoptamia
1208 621 1401 714 tempera·

291 729 373 792 tam
397 712 653 790 venerabilem
677 714 919 816 dtgm'tcrtem.
969 713 1064 788 Nihil
1080 717 1199 788 harum
1212 721 1303 786 reete
1319 739 1401 811 prc-

292 819 399 892 eedite
430 844 497 890 uun
522 817 608 890 euim
634 817 710 913 quia
736 822 808 913 quis
833 842 896 889 rex
918 825 969 890 est
990 841 1202 914 magnamque
1218 817 1400 914 potentiam

290 920 402 1011 lrabet,
427 927 485 991 aut
508 919 612 1018 uirtus
639 920 670 991 ei
694 920 843 1016 ingenita
869 927 932 1012 est,
959 943 1041 1018 quae
1066 919 1189 1015 regiam
1206 916 1401 1014 dignitatern

251 1063 255 1074 =
292 1022 459 1120 sapienter
484 1022 663 1112 sustineat,
697 1028 755 1093 aut
789 1045 911 1117 genere
936 1043 1011 1092 curn*
1033 1019 1156 1112 nubili,
1190 1043 1254 1118 quc
1281 1042 1326 1090 se
1345 1041 1402 1090 sa-

291 1123 416 1222 pientia
447 1123 666 1196 uenerabilem
690 1123 865 1220 praebeat,
906 1144 979 1196 essa
1011 1145 1169 1212 necesse,
1209 1128 1267 1192 aut
1292 1120 1406 1217 gentis
1451 1211 1456 1218 μ

293 1231 425 1324 oportet
445 1249 521 1300 ‚eam
545 1225 737 1298 felicitatem
762 1249 858 1316 esse,
886 1232 923 1296 ut
948 1223 1110 1321 sapientia
1136 1230 1231 1294 ornet
1255 1221 1402 1320 dignita-

244 1320 372 1400 l7tern.
421 1313 594 1399 Accedunt
625 1325 667 1396 ad
700 1326 782 1397 haec
814 1325 899 1397 alia:
933 1327 1040 1424 primu
1066 1324 1279 1421 ambiguitas,
1316 1347 1402 1418 quu-

291 1429 380 1501 niam
403 1453 469 1500 nun
496 1435 645 1526 apparet,
673 1427 750 1524 quid
774 1427 891 1500 hurum
916 1426 1121 1524 significetur
1143 1427 1204 1497 illc
1221 1421 1400 1524 ccyyeripc

293 1523 512 1628 ὀφθαλμός
536 1528 654 1602 deiude
679 1529 779 1626 quud,
806 1553 904 1625 qumn
928 1527 1147 1626 praecesserit
1171 1523 1211 1599 σὲ
1236 1523 1272 1599 δ’
1295 1520 1401 1622 ἐρχό-

291 1657 406 1728 μινον
430 1633 471 1716 ἐν
496 1627 584 1728 δίκᾳ
608 1629 723 1713 πολὺς
746 1629 856 1724 ὄλβος
881 1628 1144 1728 ἀμφινέμεται,
1171 1635 1404 1724 exspectamus

292 1759 332 1810 aa
357 1734 524 1832 pertinere
549 1729 700 1828 ὅτιμὲν
726 1740 759 1805 et
784 1729 841 1826 ὅτι
866 1729 919 1820 δέ,
946 1757 1080 1832 quorum
1106 1755 1168 1826 pro
1195 1730 1300 1800 altero
1326 1754 1400 1799 mu-

157 1913 161 1928 ,
291 1843 361 1908 tata
392 1836 538 1932 paullum
569 1834 675 1907 forma
701 1834 880 1924 erationis,
912 1834 1117 1930 repetitaque
1142 1831 1298 1928 primaria
1322 1854 1401 1903 sen-

292 1937 395 2008 tentia
422 1937 503 2007 dicit
525 1931 650 2033 μάκαρ
677 1931 718 2007 δὲ
743 1933 807 2007 καὶ
830 1940 903 2008 νῦν
929 1931 983 2008 ὅτι
990 1964 1004 2022 ,·
1039 1934 1177 2029 denique
1204 1932 1290 2028 quud
1315 1956 1400 2027 quae

292 2037 335 2108 ad
366 2037 449 2107 illud
484 2033 527 2108 τὸ
558 2033 628 2130 μὲν
661 2032 718 2107 ὅτι
748 2032 922 2132 βασιλεὺς
952 2033 1032 2109 ἐσσὶ
1063 2040 1230 2136 μεγαλᾶν
1260 2031 1401 2107 πολίων

291 2137 421 2209 adiecta
446 2145 497 2208 est
522 2137 697 2233 apudcsis,
729 2137 864 2233 reipsa
895 2137 979 2208 nihil
1010 2136 1100 2208 aliud
1133 2137 1278 2208 continet
1303 2158 1400 2230 quam

293 2237 469 2335 quodiam
494 2238 563 2309 illis
589 2239 710 2310 dictum
736 2245 825 2330 erat,
863 2233 902 2310 σε’
934 2235 971 2312 ‹l’
1008 2233 1207 2336 ἐρχόμενον
1239 2239 1280 2310 ἐν
1312 2233 1400 2332 δίκᾳ

292 2336 404 2423 πολὺς
429 2338 538 2436 ὄλβος
564 2337 819 2438 ἀμφινέμεται.
870 2337 988 2436 Itaque
1021 2365 1087 2412 nun
1119 2340 1230 2436 inepte
1257 2337 1400 2434 Ceperi-

291 2465 367 2534 uus,
392 2442 511 2538 quique
537 2466 611 2515 euru
636 2442 765 2537 sequuti
791 2446 880 2534 sunt,
904 2452 982 2538 pust
1007 2437 1186 2541 συγγενὴς
1206 2437 1400 2511 addiderunt

291 2539 344 2634 at,
371 2543 458 2639 quud
483 2551 591 2615 tamen
616 2545 727 2640 petius
752 2571 791 2616 το
817 2568 890 2616 esse
917 2543 1073 2634 debebat,
1110 2567 1174 2639 quo
1201 2543 1283 2612 haee
1308 2548 1397 2613 esset

198 2717 201 2727 ,
291 2645 473 2716 sententiat
497 2641 612 2739 felix
633 2669 684 2734 ee,
712 2640 819 2746 qaod
834 2647 992 2745 megetia
1012 2640 1171 2717 urbibus
1185 2645 1397 2742 imperitae,

285 2739 613 2847 -ecrrgercr'tumqrre
644 2749 774 2820 lumen
805 2745 909 2820 Ιιιιιιο
940 2743 1195 2820 venerabilem
1227 2743 1397 2844 deperite·

291 2857 366 2923 tem
397 2858 470 2919 tua
500 2849 696 2944 reptantia
732 2853 985 2946 temperatam
1016 2849 1190 2920 eastimet.
1258 2848 1307 2916 At
1335 2869 1399 2917 nce

289 2948 452 3046 particula
476 2949 543 3020 istc
567 2950 642 3021 lucc
670 2949 799 3040 addita,
835 2972 940 3042 neque
973 2948 1045 3040 ἔχει
1069 2949 1103 3018 in
1129 2945 1293 3044 principio
1320 2967 1398 3019 sen-

146 3085 151 3106 1
290 3049 412 3134 tentiae
435 3049 579 3144 pesitum
604 3051 724 3121 habent
749 3073 813 3144 quc
838 3049 986 3143 placere*
993 3049 1135 3144 possint.
1187 3048 1399 3146 Quapropter

127 3169 130 3176 ·
290 3171 407 3222 vereor
431 3174 473 3222 nc
499 3153 594 3223 unius
619 3152 750 3222 litterae
777 3149 986 3245 corruptione
1013 3149 1173 3220 turbatam
1200 3149 1399 3243 scripturam

244 3282 251 3296 ·
289 3251 385 3324 nohis
418 3253 657 3324 transmiserint
689 3251 835 3341 librarii,
872 3250 1039 3349 siquidem
1064 3250 1186 3346 optime
1219 3250 1328 3320 amnia
1360 3275 1399 3324 sa

285 3347 452 3424 lnanebunt
477 3353 548 3448 ἔχει
572 3354 606 3424 in
632 3349 708 3424 ἐπεὶ
733 3360 877 3425 mutatu:
904 3375 969 3450 quu
993 3351 1082 3426 lactu
1108 3353 1190 3424 laec
1215 3353 1285 3423 erit·
1298 3352 1406 3432 huius

251 3449 256 3466 ’
289 3454 357 3525 1οοί
383 3456 563 3527 sententia:
598 3466 635 3526 te
657 3456 722 3526 aire
740 3467 957 3528 carceratam
969 3472 1125 3555 *mag-rte
1140 3457 1316 3552 sequitur·
1330 3449 1412 3549 fat-¹.

212 3575 214 3584 ’
290 3556 437 3646 liciter,
468 3557 623 3656 partim·
647 3554 755 3656 qaod
778 3581 860 3629 rere
891 3581 931 3630 er
958 3579 1197 3656 magnarum
1221 3550 1396 3629 arbium:

203 3709 208 3716 ·
290 3681 383 3729 ιιιιιιο
411 3659 561 3759 gentile
592 3659 733 3732 lumem·
753 3669 813 3731 eat
839 3657 937 3732 ltaec
969 3661 1148 3732 marinae
1166 3653 1399 3730 venerabant

289 3755 465 3857 dignitas
503 3769 603 3833 tuae·
627 3763 778 3834 sectatu
806 3762 1044 3861 οιιμὶοιιτίοος
1080 3761 1231 3856 partein
1263 3753 1398 3832 beatas

291 3883 350 3951 ea,
386 3859 493 3962 quod
512 3862 641 3936 viciati
662 3885 769 3934 ιιιιιιο
793 3863 836 3934 im
861 3860 964 3934 lautis
988 3861 1146 3956 Pptlrr'is.
1197 3859 1274 3932 Hcc
1297 3859 1395 3932 mado

291 3961 320 4032 si
344 3963 511 4058 loquutus·
526 3970 577 4034 est
600 3970 711 4059 poeta,
737 3971 828 4034 recte
844 3964 952 4060 potuit
966 3963 1050 4034 illud
1068 3963 1251 4057 amlriguunr
1270 3960 1397 4052 dicere,

292 4061 469 4164 συγγενὴς
493 4057 711 4159 &putatitiae
746 4064 893 4160 explicat
923 4065 1009 4136 enim
1041 4065 1169 4153 statim,
1204 4063 1282 4156 quid
1307 4063 1397 4135 dicat

290 4164 400 4238 lumen
425 4163 544 4260 gentis
559 4164 748 4259 proprium:
781 4165 943 4262 simulque
967 4165 1048 4236 illul
1075 4163 1211 4262 indicat,
1238 4163 1326 4260 quud
1341 4163 1397 4235 in-

291 4264 342 4336 fra
367 4265 506 4362 amplius
530 4264 758 4360 persequitur,
798 4289 819 4336 a
843 4266 945 4338 Batta
974 4265 1051 4336 inde
1076 4265 1198 4336 claram
1221 4264 1325 4337 luisse
1349 4266 1396 4336 il-

291 4367 366 4436 lam
381 4367 507 4462 regiam
522 4372 682 4463 '‘gentem,
708 4391 751 4441 ex
777 4389 841 4463 qua
863 4365 1053 4438 Arcesilaus
1078 4389 1165 4439 nunc
1189 4374 1319 4462 regnet.
1399 4365 1400 4372 ’
1458 4431 1470 4440 ,

391 4465 441 4538 V.
463 4468 528 4542 29.
555 4469 651 4567 (38.)
677 4468 749 4565 quis
774 4491 841 4540 nun
864 4467 1012 4561 miretur,
1041 4467 1112 4540 sine
1137 4489 1254 4540 caussa
1279 4475 1394 4540 cunm
